1503 2465
229 139 307 179 DE
339 135 640 177 DOCTRINA
672 135 901 176 CHmST.
962 133 1073 173 Llss.
1106 133 1179 173 111.
1304 132 1355 172 85

52 224 252 265 ticandae
271 223 522 262 institutum
543 226 625 268 est,
652 219 845 259 carnalis
865 223 935 257 est
952 218 1160 265 servitus,
1187 225 1353 270 quanto

52 282 194 334 magis
220 278 447 318 inutilium
471 289 618 315 rerum
644 277 772 329 signa
796 275 1004 313 instituta
1028 285 1107 326 pro
1129 273 1263 312 rebus
1284 285 1354 312 ac-

52 335 221 389 cipere!
256 334 381 382 quae
400 333 436 372 si
456 331 666 371 retuleris
690 330 745 370 ad
765 343 819 369 ea
840 330 958 383 ipsa,
986 341 1098 382 quae
1124 327 1191 369 his
1218 329 1355 382 signi-

51 394 255 439 ficantur,
283 390 438 441 eisque
459 386 662 427 colendis
682 386 875 425 animum
897 385 1189 438 obligaveris,
1213 383 1355 423 nihilo

50 449 194 488 minus
219 445 373 485 servili
399 443 658 495 carnalique
687 453 825 481 onere
855 446 989 494 atque
1014 440 1234 482 velamine
1268 453 1358 480 non

51 502 241 543 carebis.

107 559 154 598 C.
172 556 285 597 V111.
317 555 458 604 Quam
475 555 530 594 ob
550 566 642 593 rem
653 552 910 593 Christiana
927 552 1116 593 libertas
1137 564 1231 600 eos,
1245 565 1356 604 quos

49 614 221 654 invenit
246 611 327 652 sub
352 612 495 664 signis
519 610 704 649 utilibus
730 614 954 661 tamquam
974 621 1114 662 prope
1132 610 1357 657 inventos,

48 668 357 721 interpretatis
377 666 518 720 signis
542 665 702 718 quibus
721 665 890 704 subditi
908 670 1055 714 erant,
1082 664 1283 704 elevatos
1302 663 1360 703 ad

52 739 128 766 eas
152 737 250 774 res,
281 735 466 776 quarum
491 721 570 761 illa
593 723 723 774 signa
748 726 870 768 sunt,
904 720 1126 760 liberavit.
1192 720 1257 759 Ex
1289 717 1359 759 his

51 782 198 822 factae
218 785 320 819 sunt
341 778 560 817 eeclesiae
581 782 837 816 sanctorum
856 775 1176 816 Israelitarum.
1235 775 1360 823 Quos

53 843 202 877 autem
222 835 392 875 invenit
411 834 492 872 sub
511 833 653 885 signis
674 832 926 880 inutilibus,
947 844 1036 871 non
1056 831 1202 871 solum
1224 832 1360 870 servi·

52 895 139 933 lem
166 891 475 944 operationem
500 889 580 928 sub
607 887 774 927 talibus
798 887 963 940 signis,
998 888 1077 927 sed
1102 887 1238 926 etiam
1264 888 1362 939 ipsa

54 951 185 1001 signa
206 946 440 986 frustravit
465 944 745 996 removitque
766 945 934 992 omnia,
963 948 1008 982 ut
1027 955 1052 981 a
1070 943 1362 995 corruptione

54 1001 354 1045 multitudinis
386 1000 697 1040 simulatorum
726 999 933 1047 deorum,
973 1011 1103 1051 quam
1138 1010 1273 1051 saepe
1307 1010 1359 1036 ae

54 1059 235 1114 proprie
271 1058 494 1108 scriptura
525 1054 873 1094 fornicationem
900 1057 1111 1104 vocat-¹),
1145 1054 1200 1093 ad
1232 1053 1363 1093 unius

55 1116 139 1156 Dei
162 1115 327 1154 cultum
347 1118 505 1165 gentes
525 1116 911 1159 com‘erterentur,
942 1123 1023 1149 nec
1043 1111 1124 1149 sub
1145 1110 1255 1162 ipsis
1275 1110 1365 1147 iam

56 1171 197 1225 signis
223 1168 407 1209 utilibus
433 1168 707 1214 serviturae,
743 1166 823 1205 sed
854 1167 1184 1205 exercitaturae
1213 1167 1363 1217 potius

56 1228 249 1267 animum
270 1226 311 1264 in
333 1236 487 1262 eorum
505 1222 808 1276 intelligentia
827 1222 1034 1274 spiritali.

113 1285 159 1321 (Γ.
181 1282 256 1320 lx.
318 1279 407 1319 Sul)
428 1279 557 1331 signo
580 1280 694 1316 enim
716 1279 855 1316 servit
874 1278 947 1330 qui
968 1282 1180 1330 operatur
1200 1282 1276 1315 aut
1295 1288 1365 1315 ve·

57 1345 241 1379 neratur
271 1336 464 1388 aliquam
501 1346 591 1372 rem
627 1334 982 1386 significantem,
1018 1335 1225 1372 nesciens
1258 1331 1366 1385 quid

57 1393 303 1447 significet3
337 1391 408 1442 qui
436 1402 541 1428 vero
572 1395 647 1427 aut
667 1395 879 1441 operatur
902 1394 979 1427 aut
995 1395 1236 1427 veneratur
1254 1387 1365 1427 utile

56 1451 231 1503 signum
259 1447 471 1487 divinitus
495 1445 768 1491 institutum,
805 1445 930 1483 cuius
957 1445 1045 1483 vim
1068 1443 1362 1498 significatio·

55 1516 246 1557 nemque
263 1501 495 1555 intelligit,
516 1513 604 1539 non
624 1498 708 1538 hoc
728 1507 966 1539 veneratur
984 1499 1104 1552 quod
1125 1500 1301 1539 videtur
1319 1506 1364 1538 et

55 1561 238 1609 transit,
264 1558 345 1598 sed
368 1556 479 1597 illud
505 1556 655 1609 potius
683 1568 769 1608 quo
794 1555 904 1595 talia
927 1561 1089 1595 cuncta
1120 1554 1364 1595 referenda

55 1624 175 1657 sunt.
228 1614 354 1654 Talis
374 1617 522 1652 autem
540 1610 673 1649 homo
693 1611 910 1664 spiritalis
929 1616 973 1650 et
991 1611 1106 1650 liber
1125 1617 1208 1659 est,
1227 1612 1362 1650 etiam

51 1675 255 1725 tempore
285 1667 538 1715 servitutis,
575 1680 662 1719 quo
689 1666 943 1706 carnalibus
978 1667 1137 1707 animis
1163 1666 1360 1706 nondum

53 1732 235 1781 oportet
262 1727 392 1778 signa
416 1723 494 1762 illa
518 1722 731 1770 revelari,
767 1735 954 1774 quorum
977 1723 1085 1775 iugo
1119 1721 1359 1761 edomandi

53 1788 170 1824 sunt.
229 1781 365 1821 Tales
405 1785 552 1817 autem
587 1777 815 1829 spiritales
841 1784 967 1817 erant
992 1776 1275 1830 patriarchae
1307 1789 1357 1815 ac

51 1836 323 1891 prophetae,
346 1845 589 1885 omnesque
616 1834 657 1871 in
675 1834 841 1886 populo
863 1833 1021 1880 lsrael,
1051 1846 1128 1886 per
1146 1845 1258 1886 quos
1281 1845 1358 1870 no-

51 1895 122 1934 bis
150 1893 334 1945 Spiritus
359 1895 539 1928 sanetus
565 1890 662 1940 ipsa
697 1889 1018 1940 scripturarum
1055 1895 1099 1927 et
1122 1888 1291 1927 auxilia
1314 1894 1359 1926 et

53 1945 520 1989 solatiaministravit.
583 1944 681 1982 Hoc
706 1956 810 1983 vero
839 1950 1040 1995 tempore
1066 1951 1357 1997 posteaquam

51 2004 386 2045 resurrectione
412 1999 590 2039 Domini
622 2001 760 2039 nostri
791 1998 917 2051 [lesu
945 1998 1138 2051 Christi]
1174 1997 1358 2037 manife-

53 2060 298 2099 stissimum
316 2056 529 2097 indicium
551 2062 730 2094 nostrae
748 2055 968 2094 libertatis·
989 2055 1157 2100 illuxit,
1181 2066 1262 2093 nec
1283 2065 1356 2093 eo-

52 2127 149 2155 rum
168 2114 346 2167 quidem
365 2112 610 2164 signorum,
630 2123 742 2163 quae
763 2111 851 2150 iam
871 2111 1181 2163 intelligimus,
1204 2122 1358 2161 opera·

103 2232 440 2275 1)CF.Ezech.1r.·.
456 2239 492 2266 et
510 2237 562 2266 *2:1.
591 2233 679 2265 Hos.
704 2237 729 2271 Ι,
748 2236 777 2265 2.
797 2231 842 2264 al.
871 2230 1092 2273 8³1»ststss
