<?xml version="1.0" encoding="UTF-8"?>
<!DOCTYPE html PUBLIC "-//W3C//DTD XHTML 1.0 Transitional//EN"
    "http://www.w3.org/TR/xhtml1/DTD/xhtml1-transitional.dtd">
<html xmlns="http://www.w3.org/1999/xhtml" xml:lang="en" lang="en">
 <head>
  <title>
</title>
<meta http-equiv="Content-Type" content="text/html;charset=utf-8" />
  <meta name='ocr-system' content='tesseract 3.04.00' />
  <meta name='ocr-capabilities' content='ocr_page ocr_carea ocr_par ocr_line ocrx_word'/>
</head>
<body>
  <div class='ocr_page' id='page_1' title='image "./dedoctrinachrist00augu_0092.png"; bbox 0 0 1503 2465; ppageno 0'>
   <div class='ocr_carea' id='block_1_1' title="bbox 138 118 1071 160">
    <p class='ocr_par' dir='ltr' id='par_1_1' title="bbox 138 118 1071 160">
     <span class='ocr_line' id='line_1_1' title="bbox 138 118 1071 160; baseline -0.001 -1"><span class='ocrx_word' id='word_1_1' title='bbox 138 120 192 159; x_wconf 82' lang='lat'>54</span> <span class='ocrx_word' id='word_1_2' title='bbox 492 118 726 159; x_wconf 85' lang='lat' dir='ltr'>AURELII</span> <span class='ocrx_word' id='word_1_3' title='bbox 753 118 1071 160; x_wconf 72' lang='lat' dir='ltr'><strong>AUGUSTIM</strong></span> 
     </span>
    </p>
   </div>
   <div class='ocr_carea' id='block_1_2' title="bbox 123 202 1439 2084">
    <p class='ocr_par' dir='ltr' id='par_1_2' title="bbox 138 202 1434 420">
     <span class='ocr_line' id='line_1_2' title="bbox 138 202 1434 255; baseline 0.001 -12"><span class='ocrx_word' id='word_1_4' title='bbox 138 208 242 243; x_wconf 87' lang='lat' dir='ltr'>runt</span> <span class='ocrx_word' id='word_1_5' title='bbox 262 202 479 252; x_wconf 88' lang='lat' dir='ltr'>homines,</span> <span class='ocrx_word' id='word_1_6' title='bbox 499 202 687 242; x_wconf 87' lang='lat' dir='ltr'>alterum</span> <span class='ocrx_word' id='word_1_7' title='bbox 708 214 874 252; x_wconf 87' lang='lat' dir='ltr'>earum,</span> <span class='ocrx_word' id='word_1_8' title='bbox 899 215 1007 255; x_wconf 90' lang='lat' dir='ltr'>quas</span> <span class='ocrx_word' id='word_1_9' title='bbox 1026 202 1434 244; x_wconf 83' lang='lat' dir='ltr'>animadverterunt</span> 
     </span>
     <span class='ocr_line' id='line_1_3' title="bbox 139 258 1430 312; baseline 0.001 -15"><span class='ocrx_word' id='word_1_10' title='bbox 139 259 228 298; x_wconf 89' lang='lat' dir='ltr'>iam</span> <span class='ocrx_word' id='word_1_11' title='bbox 256 263 462 310; x_wconf 89' lang='lat' dir='ltr'>peractas</span> <span class='ocrx_word' id='word_1_12' title='bbox 488 264 565 297; x_wconf 89' lang='lat' dir='ltr'>aut</span> <span class='ocrx_word' id='word_1_13' title='bbox 589 258 801 298; x_wconf 67' lang='lat' dir='ltr'>divinitus</span> <span class='ocrx_word' id='word_1_14' title='bbox 824 258 1068 297; x_wconf 88' lang='lat' dir='ltr'>institutas.</span> <span class='ocrx_word' id='word_1_15' title='bbox 1144 259 1278 308; x_wconf 90' lang='lat' dir='ltr'>lllud,</span> <span class='ocrx_word' id='word_1_16' title='bbox 1313 260 1430 312; x_wconf 79' lang='lat' dir='ltr'>quod</span> 
     </span>
     <span class='ocr_line' id='line_1_4' title="bbox 141 310 1430 366; baseline 0.001 -13"><span class='ocrx_word' id='word_1_17' title='bbox 141 320 212 353; x_wconf 89' lang='lat' dir='ltr'>est</span> <span class='ocrx_word' id='word_1_18' title='bbox 229 313 470 353; x_wconf 88' lang='lat' dir='ltr'>secundum</span> <span class='ocrx_word' id='word_1_19' title='bbox 490 313 798 353; x_wconf 82' lang='lat' dir='ltr'>institutiones</span> <span class='ocrx_word' id='word_1_20' title='bbox 824 310 1071 363; x_wconf 90' lang='lat' dir='ltr'>hominum,</span> <span class='ocrx_word' id='word_1_21' title='bbox 1099 314 1258 366; x_wconf 89' lang='lat' dir='ltr'>partim</span> <span class='ocrx_word' id='word_1_22' title='bbox 1279 326 1430 366; x_wconf 87' lang='lat' dir='ltr'>super-</span> 
     </span>
     <span class='ocr_line' id='line_1_5' title="bbox 141 369 866 420; baseline -0.004 -11"><span class='ocrx_word' id='word_1_23' title='bbox 141 370 368 409; x_wconf 86' lang='lat' dir='ltr'>stitiosum</span> <span class='ocrx_word' id='word_1_24' title='bbox 389 375 471 416; x_wconf 88' lang='lat' dir='ltr'>est,</span> <span class='ocrx_word' id='word_1_25' title='bbox 497 369 656 420; x_wconf 85' lang='lat' dir='ltr'>partim</span> <span class='ocrx_word' id='word_1_26' title='bbox 677 381 763 408; x_wconf 94' lang='lat' dir='ltr'>non</span> <span class='ocrx_word' id='word_1_27' title='bbox 784 373 866 408; x_wconf 80' lang='lat' dir='ltr'>est.</span> 
     </span>
    </p>

    <p class='ocr_par' dir='ltr' id='par_1_3' title="bbox 123 422 1439 2084">
     <span class='ocr_line' id='line_1_6' title="bbox 197 422 1433 477; baseline 0 -14"><span class='ocrx_word' id='word_1_28' title='bbox 197 424 243 464; x_wconf 88' lang='lat' dir='ltr'>C.</span> <span class='ocrx_word' id='word_1_29' title='bbox 270 423 368 463; x_wconf 87' lang='lat' dir='ltr'>XX.</span> <span class='ocrx_word' id='word_1_30' title='bbox 429 423 801 476; x_wconf 88' lang='lat' dir='ltr'>Superstitiosum</span> <span class='ocrx_word' id='word_1_31' title='bbox 832 428 902 462; x_wconf 88' lang='lat' dir='ltr'>est</span> <span class='ocrx_word' id='word_1_32' title='bbox 934 422 1148 477; x_wconf 85' lang='lat' dir='ltr'>quidquid</span> <span class='ocrx_word' id='word_1_33' title='bbox 1183 424 1433 464; x_wconf 83' lang='lat' dir='ltr'>institutum</span> 
     </span>
     <span class='ocr_line' id='line_1_7' title="bbox 141 477 1433 532; baseline 0.001 -14"><span class='ocrx_word' id='word_1_34' title='bbox 141 485 210 519; x_wconf 88' lang='lat' dir='ltr'>est</span> <span class='ocrx_word' id='word_1_35' title='bbox 229 479 282 518; x_wconf 87' lang='lat' dir='ltr'>ab</span> <span class='ocrx_word' id='word_1_36' title='bbox 304 479 555 518; x_wconf 85' lang='lat' dir='ltr'>hominibus</span> <span class='ocrx_word' id='word_1_37' title='bbox 574 479 628 518; x_wconf 91' lang='lat' dir='ltr'>ad</span> <span class='ocrx_word' id='word_1_38' title='bbox 648 477 856 518; x_wconf 89' lang='lat' dir='ltr'>facienda</span> <span class='ocrx_word' id='word_1_39' title='bbox 874 483 918 518; x_wconf 88' lang='lat' dir='ltr'>et</span> <span class='ocrx_word' id='word_1_40' title='bbox 943 479 1136 518; x_wconf 87' lang='lat' dir='ltr'>colenda</span> <span class='ocrx_word' id='word_1_41' title='bbox 1161 480 1303 528; x_wconf 89' lang='lat' dir='ltr'>idola,</span> <span class='ocrx_word' id='word_1_42' title='bbox 1337 493 1433 532; x_wconf 82' lang='lat' dir='ltr'>per-</span> 
     </span>
     <span class='ocr_line' id='line_1_8' title="bbox 139 533 1433 587; baseline 0.001 -13"><span class='ocrx_word' id='word_1_43' title='bbox 139 535 286 575; x_wconf 89' lang='lat' dir='ltr'>tinens</span> <span class='ocrx_word' id='word_1_44' title='bbox 322 535 392 574; x_wconf 71' lang='lat' dir='ltr'>vel</span> <span class='ocrx_word' id='word_1_45' title='bbox 420 534 477 573; x_wconf 87' lang='lat' dir='ltr'>ad</span> <span class='ocrx_word' id='word_1_46' title='bbox 503 534 737 574; x_wconf 88' lang='lat' dir='ltr'>colendam</span> <span class='ocrx_word' id='word_1_47' title='bbox 761 534 878 573; x_wconf 88' lang='lat' dir='ltr'>sicut</span> <span class='ocrx_word' id='word_1_48' title='bbox 903 533 1033 573; x_wconf 91' lang='lat' dir='ltr'>deum</span> <span class='ocrx_word' id='word_1_49' title='bbox 1057 540 1304 574; x_wconf 86' lang='lat' dir='ltr'>creaturam</span> <span class='ocrx_word' id='word_1_50' title='bbox 1338 547 1433 587; x_wconf 84' lang='lat' dir='ltr'>par-</span> 
     </span>
     <span class='ocr_line' id='line_1_9' title="bbox 137 589 1434 642; baseline -0.001 -12"><span class='ocrx_word' id='word_1_51' title='bbox 137 596 284 630; x_wconf 84' lang='lat' dir='ltr'>temve</span> <span class='ocrx_word' id='word_1_52' title='bbox 304 589 440 630; x_wconf 88' lang='lat' dir='ltr'>ullam</span> <span class='ocrx_word' id='word_1_53' title='bbox 460 589 789 639; x_wconf 81' lang='lat' dir='ltr'>creatu1·ae‚vel</span> <span class='ocrx_word' id='word_1_54' title='bbox 808 589 864 628; x_wconf 90' lang='lat' dir='ltr'>ad</span> <span class='ocrx_word' id='word_1_55' title='bbox 877 589 1231 630; x_wconf 82' lang='lat' dir='ltr'>consultationes</span> <span class='ocrx_word' id='word_1_56' title='bbox 1246 596 1289 630; x_wconf 91' lang='lat' dir='ltr'>et</span> <span class='ocrx_word' id='word_1_57' title='bbox 1305 597 1434 642; x_wconf 82' lang='lat' dir='ltr'>pacta</span> 
     </span>
     <span class='ocr_line' id='line_1_10' title="bbox 139 644 1434 699; baseline 0 -15"><span class='ocrx_word' id='word_1_58' title='bbox 139 646 357 699; x_wconf 79' lang='lat' dir='ltr'>quaedam</span> <span class='ocrx_word' id='word_1_59' title='bbox 397 645 777 699; x_wconf 86' lang='lat' dir='ltr'>significationum</span> <span class='ocrx_word' id='word_1_60' title='bbox 813 657 912 684; x_wconf 88' lang='lat' dir='ltr'>cum</span> <span class='ocrx_word' id='word_1_61' title='bbox 945 644 1236 686; x_wconf 89' lang='lat' dir='ltr'>daemonibus</span> <span class='ocrx_word' id='word_1_62' title='bbox 1270 646 1434 698; x_wconf 74' lang='lat' dir='ltr'>placita</span> 
     </span>
     <span class='ocr_line' id='line_1_11' title="bbox 138 700 1432 753; baseline -0.002 -12"><span class='ocrx_word' id='word_1_63' title='bbox 138 707 272 753; x_wconf 90' lang='lat' dir='ltr'>atque</span> <span class='ocrx_word' id='word_1_64' title='bbox 306 700 555 749; x_wconf 88' lang='lat' dir='ltr'>foederata,</span> <span class='ocrx_word' id='word_1_65' title='bbox 588 701 739 753; x_wconf 88' lang='lat' dir='ltr'>qualia</span> <span class='ocrx_word' id='word_1_66' title='bbox 769 704 872 740; x_wconf 86' lang='lat' dir='ltr'>sunt</span> <span class='ocrx_word' id='word_1_67' title='bbox 903 700 1133 740; x_wconf 80' lang='lat' dir='ltr'>molimina</span> <span class='ocrx_word' id='word_1_68' title='bbox 1162 702 1432 753; x_wconf 84' lang='lat' dir='ltr'>magicarum</span> 
     </span>
     <span class='ocr_line' id='line_1_12' title="bbox 138 755 1434 809; baseline -0.002 -13"><span class='ocrx_word' id='word_1_69' title='bbox 138 759 314 805; x_wconf 87' lang='lat' dir='ltr'>artium,</span> <span class='ocrx_word' id='word_1_70' title='bbox 342 769 454 809; x_wconf 86' lang='lat' dir='ltr'>quae</span> <span class='ocrx_word' id='word_1_71' title='bbox 476 755 653 808; x_wconf 88' lang='lat' dir='ltr'>quidem</span> <span class='ocrx_word' id='word_1_72' title='bbox 673 767 1022 795; x_wconf 87' lang='lat' dir='ltr'>commemorare</span> <span class='ocrx_word' id='word_1_73' title='bbox 1040 756 1189 809; x_wconf 87' lang='lat' dir='ltr'>potius</span> <span class='ocrx_word' id='word_1_74' title='bbox 1211 769 1339 808; x_wconf 85' lang='lat' dir='ltr'>quam</span> <span class='ocrx_word' id='word_1_75' title='bbox 1359 756 1434 794; x_wconf 88' lang='lat' dir='ltr'>do-</span> 
     </span>
     <span class='ocr_line' id='line_1_13' title="bbox 139 811 1431 864; baseline -0.002 -13"><span class='ocrx_word' id='word_1_76' title='bbox 139 823 241 851; x_wconf 86' lang='lat' dir='ltr'>cere</span> <span class='ocrx_word' id='word_1_77' title='bbox 262 812 468 852; x_wconf 79' lang='lat' dir='ltr'>adsolent</span> <span class='ocrx_word' id='word_1_78' title='bbox 485 814 659 863; x_wconf 73' lang='lat' dir='ltr'>poetae.</span> <span class='ocrx_word' id='word_1_79' title='bbox 697 811 763 850; x_wconf 80' lang='lat' dir='ltr'>Ex</span> <span class='ocrx_word' id='word_1_80' title='bbox 782 822 867 863; x_wconf 92' lang='lat' dir='ltr'>quo</span> <span class='ocrx_word' id='word_1_81' title='bbox 889 822 1053 864; x_wconf 89' lang='lat' dir='ltr'>genere</span> <span class='ocrx_word' id='word_1_82' title='bbox 1073 817 1189 860; x_wconf 85' lang='lat' dir='ltr'>sunt,</span> <span class='ocrx_word' id='word_1_83' title='bbox 1209 813 1286 850; x_wconf 83' lang='lat' dir='ltr'>sed</span> <span class='ocrx_word' id='word_1_84' title='bbox 1309 812 1431 864; x_wconf 84' lang='lat' dir='ltr'>quasi</span> 
     </span>
     <span class='ocr_line' id='line_1_14' title="bbox 137 866 1434 920; baseline 0 -14"><span class='ocrx_word' id='word_1_85' title='bbox 137 867 375 907; x_wconf 80' lang='lat' dir='ltr'>licentiore</span> <span class='ocrx_word' id='word_1_86' title='bbox 399 868 608 916; x_wconf 76' lang='lat' dir='ltr'>vanitate,</span> <span class='ocrx_word' id='word_1_87' title='bbox 629 866 911 919; x_wconf 79' lang='lat' dir='ltr'>haruspicum</span> <span class='ocrx_word' id='word_1_88' title='bbox 930 872 975 906; x_wconf 86' lang='lat' dir='ltr'>et</span> <span class='ocrx_word' id='word_1_89' title='bbox 992 878 1205 920; x_wconf 89' lang='lat' dir='ltr'>augurum</span> <span class='ocrx_word' id='word_1_90' title='bbox 1226 867 1342 906; x_wconf 84' lang='lat' dir='ltr'>libri.</span> <span class='ocrx_word' id='word_1_91' title='bbox 1370 867 1434 906; x_wconf 87' lang='lat' dir='ltr'>Ad</span> 
     </span>
     <span class='ocr_line' id='line_1_15' title="bbox 139 921 1433 976; baseline -0.001 -14"><span class='ocrx_word' id='word_1_92' title='bbox 139 921 226 962; x_wconf 90' lang='lat' dir='ltr'>hoc</span> <span class='ocrx_word' id='word_1_93' title='bbox 261 935 401 976; x_wconf 84' lang='lat' dir='ltr'>genus</span> <span class='ocrx_word' id='word_1_94' title='bbox 435 923 659 975; x_wconf 84' lang='lat' dir='ltr'>pertinent</span> <span class='ocrx_word' id='word_1_95' title='bbox 692 934 844 961; x_wconf 87' lang='lat' dir='ltr'>omnes</span> <span class='ocrx_word' id='word_1_96' title='bbox 879 923 1012 961; x_wconf 88' lang='lat' dir='ltr'>etiam</span> <span class='ocrx_word' id='word_1_97' title='bbox 1045 921 1267 974; x_wconf 80' lang='lat' dir='ltr'>ligaturae</span> <span class='ocrx_word' id='word_1_98' title='bbox 1302 928 1433 975; x_wconf 86' lang='lat' dir='ltr'>atque</span> 
     </span>
     <span class='ocr_line' id='line_1_16' title="bbox 139 977 1434 1031; baseline -0.001 -14"><span class='ocrx_word' id='word_1_99' title='bbox 139 979 354 1027; x_wconf 86' lang='lat' dir='ltr'>remedia,</span> <span class='ocrx_word' id='word_1_100' title='bbox 390 990 502 1030; x_wconf 89' lang='lat' dir='ltr'>quae</span> <span class='ocrx_word' id='word_1_101' title='bbox 535 978 811 1017; x_wconf 86' lang='lat' dir='ltr'>medicorum</span> <span class='ocrx_word' id='word_1_102' title='bbox 848 989 1026 1030; x_wconf 91' lang='lat' dir='ltr'>quoque</span> <span class='ocrx_word' id='word_1_103' title='bbox 1060 977 1298 1031; x_wconf 79' lang='lat' dir='ltr'>disciplina</span> <span class='ocrx_word' id='word_1_104' title='bbox 1332 990 1434 1016; x_wconf 84' lang='lat' dir='ltr'>con-</span> 
     </span>
     <span class='ocr_line' id='line_1_17' title="bbox 140 1032 1434 1085; baseline -0.002 -12"><span class='ocrx_word' id='word_1_105' title='bbox 140 1034 334 1081; x_wconf 88' lang='lat' dir='ltr'>demnat,</span> <span class='ocrx_word' id='word_1_106' title='bbox 349 1034 442 1072; x_wconf 72' lang='lat' dir='ltr'>sive</span> <span class='ocrx_word' id='word_1_107' title='bbox 462 1034 505 1072; x_wconf 90' lang='lat' dir='ltr'>in</span> <span class='ocrx_word' id='word_1_108' title='bbox 524 1032 978 1085; x_wconf 79' lang='lat' dir='ltr'>praecantationibus,</span> <span class='ocrx_word' id='word_1_109' title='bbox 998 1032 1090 1072; x_wconf 86' lang='lat' dir='ltr'>sive</span> <span class='ocrx_word' id='word_1_110' title='bbox 1108 1033 1153 1072; x_wconf 91' lang='lat' dir='ltr'>in</span> <span class='ocrx_word' id='word_1_111' title='bbox 1172 1034 1434 1085; x_wconf 86' lang='lat' dir='ltr'>quibusdam</span> 
     </span>
     <span class='ocr_line' id='line_1_18' title="bbox 139 1087 1439 1142; baseline -0.001 -15"><span class='ocrx_word' id='word_1_112' title='bbox 139 1090 274 1137; x_wconf 84' lang='lat' dir='ltr'>notis,</span> <span class='ocrx_word' id='word_1_113' title='bbox 294 1102 402 1142; x_wconf 82' lang='lat' dir='ltr'>quas</span> <span class='ocrx_word' id='word_1_114' title='bbox 423 1087 704 1128; x_wconf 76' lang='lat' dir='ltr'>characteres</span> <span class='ocrx_word' id='word_1_115' title='bbox 722 1093 896 1136; x_wconf 71' lang='lat' dir='ltr'>vocant,</span> <span class='ocrx_word' id='word_1_116' title='bbox 913 1088 1005 1128; x_wconf 79' lang='lat' dir='ltr'>sive</span> <span class='ocrx_word' id='word_1_117' title='bbox 1024 1089 1068 1127; x_wconf 91' lang='lat' dir='ltr'>in</span> <span class='ocrx_word' id='word_1_118' title='bbox 1090 1088 1350 1140; x_wconf 89' lang='lat' dir='ltr'>quibusdam</span> <span class='ocrx_word' id='word_1_119' title='bbox 1370 1100 1439 1127; x_wconf 74' lang='lat' dir='ltr'>re-</span> 
     </span>
     <span class='ocr_line' id='line_1_19' title="bbox 138 1143 1435 1196; baseline -0.002 -13"><span class='ocrx_word' id='word_1_120' title='bbox 138 1145 220 1183; x_wconf 73' lang='lat' dir='ltr'>bus</span> <span class='ocrx_word' id='word_1_121' title='bbox 240 1144 564 1196; x_wconf 79' lang='lat' dir='ltr'>suspendendis</span> <span class='ocrx_word' id='word_1_122' title='bbox 584 1150 716 1196; x_wconf 88' lang='lat' dir='ltr'>atque</span> <span class='ocrx_word' id='word_1_123' title='bbox 734 1143 986 1196; x_wconf 81' lang='lat' dir='ltr'>illigandis,</span> <span class='ocrx_word' id='word_1_124' title='bbox 1022 1143 1093 1182; x_wconf 67' lang='lat' dir='ltr'>vel</span> <span class='ocrx_word' id='word_1_125' title='bbox 1114 1145 1245 1183; x_wconf 89' lang='lat' dir='ltr'>etiam</span> <span class='ocrx_word' id='word_1_126' title='bbox 1274 1143 1435 1183; x_wconf 84' lang='lat' dir='ltr'>saltan-</span> 
     </span>
     <span class='ocr_line' id='line_1_20' title="bbox 140 1199 1434 1253; baseline -0.001 -15"><span class='ocrx_word' id='word_1_127' title='bbox 140 1200 260 1250; x_wconf 80' lang='lat' dir='ltr'>dis1)</span> <span class='ocrx_word' id='word_1_128' title='bbox 287 1199 636 1253; x_wconf 83' lang='lat' dir='ltr'>quodammodo,</span> <span class='ocrx_word' id='word_1_129' title='bbox 669 1211 757 1238; x_wconf 87' lang='lat' dir='ltr'>non</span> <span class='ocrx_word' id='word_1_130' title='bbox 792 1199 846 1238; x_wconf 89' lang='lat' dir='ltr'>ad</span> <span class='ocrx_word' id='word_1_131' title='bbox 879 1200 1249 1252; x_wconf 77' lang='lat' dir='ltr'>temperationem</span> <span class='ocrx_word' id='word_1_132' title='bbox 1279 1211 1434 1251; x_wconf 88' lang='lat' dir='ltr'>corpo-</span> 
     </span>
     <span class='ocr_line' id='line_1_21' title="bbox 137 1254 1433 1307; baseline 0 -13"><span class='ocrx_word' id='word_1_133' title='bbox 137 1267 254 1304; x_wconf 89' lang='lat' dir='ltr'>rum,</span> <span class='ocrx_word' id='word_1_134' title='bbox 295 1255 374 1294; x_wconf 87' lang='lat' dir='ltr'>sed</span> <span class='ocrx_word' id='word_1_135' title='bbox 399 1255 453 1294; x_wconf 84' lang='lat' dir='ltr'>ad</span> <span class='ocrx_word' id='word_1_136' title='bbox 488 1255 702 1307; x_wconf 85' lang='lat' dir='ltr'>quasdam</span> <span class='ocrx_word' id='word_1_137' title='bbox 737 1254 1091 1307; x_wconf 85' lang='lat' dir='ltr'>significationes</span> <span class='ocrx_word' id='word_1_138' title='bbox 1115 1260 1190 1293; x_wconf 90' lang='lat' dir='ltr'>aut</span> <span class='ocrx_word' id='word_1_139' title='bbox 1219 1254 1433 1302; x_wconf 82' lang='lat' dir='ltr'>occultas,</span> 
     </span>
     <span class='ocr_line' id='line_1_22' title="bbox 139 1308 1436 1363; baseline -0.001 -13"><span class='ocrx_word' id='word_1_140' title='bbox 139 1317 215 1350; x_wconf 85' lang='lat' dir='ltr'>aut</span> <span class='ocrx_word' id='word_1_141' title='bbox 234 1312 367 1350; x_wconf 85' lang='lat' dir='ltr'>etiam</span> <span class='ocrx_word' id='word_1_142' title='bbox 386 1309 666 1359; x_wconf 84' lang='lat' dir='ltr'>manifestas,</span> <span class='ocrx_word' id='word_1_143' title='bbox 702 1322 814 1363; x_wconf 87' lang='lat' dir='ltr'>quae</span> <span class='ocrx_word' id='word_1_144' title='bbox 838 1311 1017 1350; x_wconf 89' lang='lat' dir='ltr'>mitiore</span> <span class='ocrx_word' id='word_1_145' title='bbox 1042 1310 1220 1349; x_wconf 90' lang='lat' dir='ltr'>nomine</span> <span class='ocrx_word' id='word_1_146' title='bbox 1247 1308 1436 1362; x_wconf 87' lang='lat' dir='ltr'>physica</span> 
     </span>
     <span class='ocr_line' id='line_1_23' title="bbox 135 1365 1433 1418; baseline -0.002 -12"><span class='ocrx_word' id='word_1_147' title='bbox 135 1372 312 1415; x_wconf 64' lang='lat' dir='ltr'>vocant,</span> <span class='ocrx_word' id='word_1_148' title='bbox 332 1372 380 1406; x_wconf 87' lang='lat' dir='ltr'>ut</span> <span class='ocrx_word' id='word_1_149' title='bbox 397 1367 521 1418; x_wconf 85' lang='lat' dir='ltr'>quasi</span> <span class='ocrx_word' id='word_1_150' title='bbox 543 1379 629 1404; x_wconf 92' lang='lat' dir='ltr'>non</span> <span class='ocrx_word' id='word_1_151' title='bbox 652 1365 971 1418; x_wconf 88' lang='lat' dir='ltr'>superstitione</span> <span class='ocrx_word' id='word_1_152' title='bbox 990 1365 1234 1418; x_wconf 86' lang='lat' dir='ltr'>implicare,</span> <span class='ocrx_word' id='word_1_153' title='bbox 1262 1365 1341 1404; x_wconf 88' lang='lat' dir='ltr'>sed</span> <span class='ocrx_word' id='word_1_154' title='bbox 1360 1379 1433 1404; x_wconf 84' lang='lat' dir='ltr'>na-</span> 
     </span>
     <span class='ocr_line' id='line_1_24' title="bbox 135 1420 1433 1475; baseline -0.002 -13"><span class='ocrx_word' id='word_1_155' title='bbox 135 1428 236 1462; x_wconf 88' lang='lat' dir='ltr'>tura</span> <span class='ocrx_word' id='word_1_156' title='bbox 260 1423 476 1475; x_wconf 83' lang='lat' dir='ltr'>prodesse</span> <span class='ocrx_word' id='word_1_157' title='bbox 502 1421 759 1460; x_wconf 73' lang='lat' dir='ltr'>videantur:</span> <span class='ocrx_word' id='word_1_158' title='bbox 791 1420 908 1460; x_wconf 89' lang='lat' dir='ltr'>sicut</span> <span class='ocrx_word' id='word_1_159' title='bbox 933 1426 1035 1460; x_wconf 91' lang='lat' dir='ltr'>sunt</span> <span class='ocrx_word' id='word_1_160' title='bbox 1057 1421 1235 1460; x_wconf 88' lang='lat' dir='ltr'>inaures</span> <span class='ocrx_word' id='word_1_161' title='bbox 1255 1421 1299 1459; x_wconf 89' lang='lat' dir='ltr'>in</span> <span class='ocrx_word' id='word_1_162' title='bbox 1319 1434 1433 1459; x_wconf 89' lang='lat' dir='ltr'>sum-</span> 
     </span>
     <span class='ocr_line' id='line_1_25' title="bbox 134 1474 1431 1529; baseline -0.002 -12"><span class='ocrx_word' id='word_1_163' title='bbox 134 1490 208 1517; x_wconf 90' lang='lat' dir='ltr'>mo</span> <span class='ocrx_word' id='word_1_164' title='bbox 226 1478 397 1517; x_wconf 88' lang='lat' dir='ltr'>aurium</span> <span class='ocrx_word' id='word_1_165' title='bbox 418 1477 711 1529; x_wconf 88' lang='lat' dir='ltr'>singularum,</span> <span class='ocrx_word' id='word_1_166' title='bbox 746 1481 822 1515; x_wconf 88' lang='lat' dir='ltr'>aut</span> <span class='ocrx_word' id='word_1_167' title='bbox 841 1476 895 1516; x_wconf 89' lang='lat' dir='ltr'>de</span> <span class='ocrx_word' id='word_1_168' title='bbox 923 1474 1222 1515; x_wconf 86' lang='lat' dir='ltr'>struthionum</span> <span class='ocrx_word' id='word_1_169' title='bbox 1254 1476 1431 1515; x_wconf 84' lang='lat' dir='ltr'>ossibus</span> 
     </span>
     <span class='ocr_line' id='line_1_26' title="bbox 134 1531 1429 1585; baseline -0.002 -13"><span class='ocrx_word' id='word_1_170' title='bbox 134 1533 317 1576; x_wconf 89' lang='lat' dir='ltr'>ansulae</span> <span class='ocrx_word' id='word_1_171' title='bbox 336 1534 381 1572; x_wconf 92' lang='lat' dir='ltr'>in</span> <span class='ocrx_word' id='word_1_172' title='bbox 403 1532 577 1585; x_wconf 79' lang='lat' dir='ltr'>digitis,</span> <span class='ocrx_word' id='word_1_173' title='bbox 602 1537 677 1571; x_wconf 91' lang='lat' dir='ltr'>aut</span> <span class='ocrx_word' id='word_1_174' title='bbox 695 1543 826 1584; x_wconf 90' lang='lat' dir='ltr'>quum</span> <span class='ocrx_word' id='word_1_175' title='bbox 848 1532 932 1571; x_wconf 90' lang='lat' dir='ltr'>tibi</span> <span class='ocrx_word' id='word_1_176' title='bbox 950 1532 1112 1571; x_wconf 90' lang='lat' dir='ltr'>dicitur</span> <span class='ocrx_word' id='word_1_177' title='bbox 1134 1531 1429 1584; x_wconf 87' lang='lat' dir='ltr'>singultienti,</span> 
     </span>
     <span class='ocr_line' id='line_1_27' title="bbox 133 1586 1428 1640; baseline -0.003 -11"><span class='ocrx_word' id='word_1_178' title='bbox 133 1596 182 1628; x_wconf 83' lang='lat' dir='ltr'>ut</span> <span class='ocrx_word' id='word_1_179' title='bbox 200 1589 384 1629; x_wconf 83' lang='lat' dir='ltr'>dextera</span> <span class='ocrx_word' id='word_1_180' title='bbox 400 1601 531 1627; x_wconf 88' lang='lat' dir='ltr'>manu</span> <span class='ocrx_word' id='word_1_181' title='bbox 549 1587 778 1627; x_wconf 88' lang='lat' dir='ltr'>sinistrum</span> <span class='ocrx_word' id='word_1_182' title='bbox 796 1586 1003 1640; x_wconf 88' lang='lat' dir='ltr'>pollicem</span> <span class='ocrx_word' id='word_1_183' title='bbox 1021 1592 1192 1626; x_wconf 87' lang='lat' dir='ltr'>teneas.</span> <span class='ocrx_word' id='word_1_184' title='bbox 1251 1586 1334 1625; x_wconf 90' lang='lat' dir='ltr'>His</span> <span class='ocrx_word' id='word_1_185' title='bbox 1354 1587 1428 1625; x_wconf 88' lang='lat' dir='ltr'>ad-</span> 
     </span>
     <span class='ocr_line' id='line_1_28' title="bbox 128 1642 1422 1697; baseline -0.002 -15"><span class='ocrx_word' id='word_1_186' title='bbox 128 1645 373 1697; x_wconf 91' lang='lat' dir='ltr'>iunguntur</span> <span class='ocrx_word' id='word_1_187' title='bbox 402 1643 544 1682; x_wconf 87' lang='lat' dir='ltr'>millia</span> <span class='ocrx_word' id='word_1_188' title='bbox 576 1642 936 1681; x_wconf 87' lang='lat' dir='ltr'>inanissimarum</span> <span class='ocrx_word' id='word_1_189' title='bbox 969 1642 1352 1689; x_wconf 79' lang='lat' dir='ltr'>observationum,</span> <span class='ocrx_word' id='word_1_190' title='bbox 1387 1643 1422 1681; x_wconf 90' lang='lat' dir='ltr'>si</span> 
     </span>
     <span class='ocr_line' id='line_1_29' title="bbox 128 1696 1422 1751; baseline -0.002 -13"><span class='ocrx_word' id='word_1_191' title='bbox 128 1700 372 1739; x_wconf 88' lang='lat' dir='ltr'>membrum</span> <span class='ocrx_word' id='word_1_192' title='bbox 396 1698 578 1751; x_wconf 87' lang='lat' dir='ltr'>aliquod</span> <span class='ocrx_word' id='word_1_193' title='bbox 603 1698 798 1745; x_wconf 88' lang='lat' dir='ltr'>salierit,</span> <span class='ocrx_word' id='word_1_194' title='bbox 831 1697 870 1736; x_wconf 90' lang='lat' dir='ltr'>si</span> <span class='ocrx_word' id='word_1_195' title='bbox 893 1698 1076 1737; x_wconf 84' lang='lat' dir='ltr'>iunctim</span> <span class='ocrx_word' id='word_1_196' title='bbox 1095 1696 1422 1736; x_wconf 89' lang='lat' dir='ltr'>ambulantibus</span> 
     </span>
     <span class='ocr_line' id='line_1_30' title="bbox 128 1752 1420 1808; baseline -0.001 -15"><span class='ocrx_word' id='word_1_197' title='bbox 128 1755 282 1795; x_wconf 84' lang='lat' dir='ltr'>amicis</span> <span class='ocrx_word' id='word_1_198' title='bbox 302 1755 430 1808; x_wconf 85' lang='lat' dir='ltr'>lapis,</span> <span class='ocrx_word' id='word_1_199' title='bbox 450 1759 526 1793; x_wconf 88' lang='lat' dir='ltr'>aut</span> <span class='ocrx_word' id='word_1_200' title='bbox 543 1754 680 1802; x_wconf 84' lang='lat' dir='ltr'>canis,</span> <span class='ocrx_word' id='word_1_201' title='bbox 701 1758 776 1792; x_wconf 90' lang='lat' dir='ltr'>aut</span> <span class='ocrx_word' id='word_1_202' title='bbox 796 1764 906 1804; x_wconf 88' lang='lat' dir='ltr'>puer</span> <span class='ocrx_word' id='word_1_203' title='bbox 923 1752 1094 1792; x_wconf 90' lang='lat' dir='ltr'>medius</span> <span class='ocrx_word' id='word_1_204' title='bbox 1111 1753 1420 1792; x_wconf 86' lang='lat' dir='ltr'>intervenerit.</span> 
     </span>
     <span class='ocr_line' id='line_1_31' title="bbox 127 1808 1420 1863; baseline -0.003 -13"><span class='ocrx_word' id='word_1_205' title='bbox 127 1812 268 1863; x_wconf 86' lang='lat' dir='ltr'>Atque</span> <span class='ocrx_word' id='word_1_206' title='bbox 295 1811 428 1858; x_wconf 90' lang='lat' dir='ltr'>illud,</span> <span class='ocrx_word' id='word_1_207' title='bbox 464 1810 580 1862; x_wconf 89' lang='lat' dir='ltr'>quod</span> <span class='ocrx_word' id='word_1_208' title='bbox 605 1808 798 1861; x_wconf 87' lang='lat' dir='ltr'>lapidem</span> <span class='ocrx_word' id='word_1_209' title='bbox 827 1808 1001 1847; x_wconf 89' lang='lat' dir='ltr'>calcant</span> <span class='ocrx_word' id='word_1_210' title='bbox 1021 1812 1242 1859; x_wconf 86' lang='lat' dir='ltr'>tamquam</span> <span class='ocrx_word' id='word_1_211' title='bbox 1263 1808 1420 1847; x_wconf 87' lang='lat' dir='ltr'>direm-</span> 
     </span>
     <span class='ocr_line' id='line_1_32' title="bbox 125 1863 1419 1916; baseline -0.004 -11"><span class='ocrx_word' id='word_1_212' title='bbox 125 1872 270 1905; x_wconf 86' lang='lat' dir='ltr'>torem</span> <span class='ocrx_word' id='word_1_213' title='bbox 290 1865 530 1914; x_wconf 88' lang='lat' dir='ltr'>amicitiae,</span> <span class='ocrx_word' id='word_1_214' title='bbox 547 1865 691 1903; x_wconf 89' lang='lat' dir='ltr'>minus</span> <span class='ocrx_word' id='word_1_215' title='bbox 708 1863 946 1903; x_wconf 90' lang='lat' dir='ltr'>molestum</span> <span class='ocrx_word' id='word_1_216' title='bbox 965 1868 1047 1911; x_wconf 81' lang='lat' dir='ltr'>est,</span> <span class='ocrx_word' id='word_1_217' title='bbox 1070 1875 1197 1916; x_wconf 87' lang='lat' dir='ltr'>quam</span> <span class='ocrx_word' id='word_1_218' title='bbox 1220 1863 1338 1914; x_wconf 88' lang='lat' dir='ltr'>quod</span> <span class='ocrx_word' id='word_1_219' title='bbox 1356 1863 1419 1900; x_wconf 83' lang='lat' dir='ltr'>in-</span> 
     </span>
     <span class='ocr_line' id='line_1_33' title="bbox 126 1917 1418 1974; baseline -0.005 -13"><span class='ocrx_word' id='word_1_220' title='bbox 126 1926 361 1961; x_wconf 86' lang='lat' dir='ltr'>nocentem</span> <span class='ocrx_word' id='word_1_221' title='bbox 381 1933 562 1974; x_wconf 87' lang='lat' dir='ltr'>puerum</span> <span class='ocrx_word' id='word_1_222' title='bbox 583 1918 772 1973; x_wconf 88' lang='lat' dir='ltr'>colapho</span> <span class='ocrx_word' id='word_1_223' title='bbox 791 1919 1066 1970; x_wconf 84' lang='lat' dir='ltr'>percutiunt,</span> <span class='ocrx_word' id='word_1_224' title='bbox 1092 1917 1128 1956; x_wconf 91' lang='lat' dir='ltr'>si</span> <span class='ocrx_word' id='word_1_225' title='bbox 1149 1919 1314 1969; x_wconf 87' lang='lat' dir='ltr'>pariter</span> <span class='ocrx_word' id='word_1_226' title='bbox 1331 1930 1418 1956; x_wconf 89' lang='lat' dir='ltr'>am-</span> 
     </span>
     <span class='ocr_line' id='line_1_34' title="bbox 123 1973 1414 2025; baseline -0.004 -10"><span class='ocrx_word' id='word_1_227' title='bbox 123 1976 380 2017; x_wconf 87' lang='lat' dir='ltr'>bulantibus</span> <span class='ocrx_word' id='word_1_228' title='bbox 410 1976 683 2014; x_wconf 88' lang='lat' dir='ltr'>intercurrit.</span> <span class='ocrx_word' id='word_1_229' title='bbox 745 1973 833 2014; x_wconf 88' lang='lat' dir='ltr'>Sed</span> <span class='ocrx_word' id='word_1_230' title='bbox 863 1973 1030 2012; x_wconf 88' lang='lat' dir='ltr'>bellum</span> <span class='ocrx_word' id='word_1_231' title='bbox 1063 1979 1150 2020; x_wconf 86' lang='lat' dir='ltr'>est,</span> <span class='ocrx_word' id='word_1_232' title='bbox 1186 1973 1302 2025; x_wconf 90' lang='lat' dir='ltr'>quod</span> <span class='ocrx_word' id='word_1_233' title='bbox 1337 1973 1414 2011; x_wconf 87' lang='lat' dir='ltr'>ali-</span> 
     </span>
     <span class='ocr_line' id='line_1_35' title="bbox 126 2027 1413 2084; baseline -0.004 -13"><span class='ocrx_word' id='word_1_234' title='bbox 126 2032 301 2084; x_wconf 90' lang='lat' dir='ltr'>quando</span> <span class='ocrx_word' id='word_1_235' title='bbox 320 2031 445 2084; x_wconf 87' lang='lat' dir='ltr'>pueri</span> <span class='ocrx_word' id='word_1_236' title='bbox 463 2031 744 2070; x_wconf 73' lang='lat' dir='ltr'>vindicantur</span> <span class='ocrx_word' id='word_1_237' title='bbox 762 2041 787 2068; x_wconf 92' lang='lat' dir='ltr'>a</span> <span class='ocrx_word' id='word_1_238' title='bbox 806 2028 1002 2068; x_wconf 89' lang='lat' dir='ltr'>canibus.</span> <span class='ocrx_word' id='word_1_239' title='bbox 1028 2027 1138 2067; x_wconf 87' lang='lat' dir='ltr'>Nam</span> <span class='ocrx_word' id='word_1_240' title='bbox 1156 2028 1413 2080; x_wconf 86' lang='lat' dir='ltr'>plerumque</span> 
     </span>
    </p>
   </div>
   <div class='ocr_carea' id='block_1_3' title="bbox 124 2159 1413 2251">
    <p class='ocr_par' dir='ltr' id='par_1_4' title="bbox 124 2159 1413 2251">
     <span class='ocr_line' id='line_1_36' title="bbox 173 2159 1413 2202; baseline 0.001 -10"><span class='ocrx_word' id='word_1_241' title='bbox 173 2161 207 2201; x_wconf 74' lang='grc'>1)</span> <span class='ocrx_word' id='word_1_242' title='bbox 227 2160 289 2193; x_wconf 87' lang='lat' dir='ltr'>Sic</span> <span class='ocrx_word' id='word_1_243' title='bbox 307 2171 430 2193; x_wconf 81' lang='lat' dir='ltr'>omnes</span> <span class='ocrx_word' id='word_1_244' title='bbox 449 2160 531 2194; x_wconf 80' lang='lat' dir='ltr'>libri</span> <span class='ocrx_word' id='word_1_245' title='bbox 552 2161 691 2194; x_wconf 80' lang='lat' dir='ltr'>editiet</span> <span class='ocrx_word' id='word_1_246' title='bbox 705 2172 802 2200; x_wconf 68' lang='lat' dir='ltr'>mss,</span> <span class='ocrx_word' id='word_1_247' title='bbox 821 2163 976 2202; x_wconf 80' lang='lat' dir='ltr'>excepto</span> <span class='ocrx_word' id='word_1_248' title='bbox 991 2159 1292 2201; x_wconf 74' lang='lat' dir='ltr'>mmRemigiano,</span> <span class='ocrx_word' id='word_1_249' title='bbox 1311 2161 1413 2193; x_wconf 79' lang='lat' dir='ltr'>cuius</span> 
     </span>
     <span class='ocr_line' id='line_1_37' title="bbox 124 2205 1057 2251; baseline -0.002 -12"><span class='ocrx_word' id='word_1_250' title='bbox 124 2207 340 2239; x_wconf 75' lang='lat' dir='ltr'>auctoritate</span> <span class='ocrx_word' id='word_1_251' title='bbox 356 2207 490 2240; x_wconf 63' lang='lat' dir='ltr'>Reus-d.</span> <span class='ocrx_word' id='word_1_252' title='bbox 508 2207 595 2240; x_wconf 78' lang='lat' dir='ltr'>edit.</span> <span class='ocrx_word' id='word_1_253' title='bbox 612 2210 848 2250; x_wconf 84' lang='lat' dir='ltr'>receperunt:</span> <span class='ocrx_word' id='word_1_254' title='bbox 873 2205 1057 2251; x_wconf 72' lang='lat' dir='ltr'>aptandis.</span> 
     </span>
    </p>
   </div>
  </div>
 </body>
</html>
