1503 2465
159 123 211 164 60
523 123 757 165 AURELH
788 122 1108 164 AUGUSTINI

158 208 406 262 eodemque
427 220 539 249 sono
566 209 682 261 apud
703 208 904 248 Graecos
930 208 1111 256 literae,
1139 207 1253 261 apud
1273 207 1462 247 Latinos

159 265 295 304 oleris
317 276 475 303 nomen
497 270 580 313 est,
608 271 652 304 et
672 278 804 317 quum
823 264 948 303 dico:
983 263 1107 316 lege,
1135 264 1179 302 in
1200 262 1268 302 his
1291 264 1462 303 duabus

158 320 346 373 syllabis
365 319 486 359 aliud
506 319 722 368 Graecus,
744 319 865 358 aliud
884 319 1071 358 Latinus
1088 319 1325 372 intelligit3
1347 320 1465 359 sicut

159 387 267 429 ergo
304 374 386 414 hae
423 387 577 414 omnes
613 375 971 427 significationes
1000 386 1078 427 pro
1112 386 1219 414 suae
1247 377 1463 427 cuiusque

159 431 393 471 societatis
417 432 716 471 consensione
745 430 918 470 animos
949 436 1151 480 movent,
1189 435 1234 469 et
1266 432 1371 482 quia
1403 430 1468 470 cli·

156 499 290 526 versa
322 488 563 526 consensio
595 492 683 535 est⁷
718 486 896 526 diverse
929 493 1131 535 movent,
1169 499 1250 525 nec
1283 485 1384 524 ideo
1419 486 1466 525 in

159 554 235 582 eas
258 546 585 581 consenserunt
603 540 828 590 homines,
866 542 970 594 quia
987 542 1075 580 iam
1093 542 1303 581 valebant
1327 541 1382 580 ad
1408 542 1466 580 sis

157 598 509 652 gnificationem,
535 597 615 636 sed
633 597 736 637 ideo
757 597 923 645 valent,
952 599 1056 649 quia
1075 602 1402 637 consenserunt
1420 597 1465 636 in

159 666 254 693 eas:
288 654 352 692 sic
378 654 513 693 etiam
536 653 617 692 illa
643 653 794 706 signa,
828 653 987 706 quibus
1008 653 1265 705 perniciosa
1284 652 1463 691 daemo-

156 722 258 748 num
279 709 475 748 societas
494 714 799 761 comparatur,
834 721 914 761 pro
943 710 1158 761 cuiusque
1187 708 1462 747 observatio-

158 765 289 805 nibus
323 765 486 804 ralent.
549 764 680 813 Quod
716 764 1084 804 manifestissime
1119 764 1317 804 ostendit
1350 764 1462 802 ritus

157 833 396 873 augurum,
434 821 529 873 qui,
566 826 611 860 et
634 826 736 861 ante
761 833 892 873 quam
929 820 1191 869 observent,
1227 827 1272 858 et
1304 825 1464 871 postea

157 889 287 929 quain
308 876 548 916 observata
565 877 695 930 signa
712 877 955 925 tenuerint,
974 876 1020 916 id
1036 880 1187 929 agunt,
1207 887 1261 914 ne
1281 874 1464 914 videant

155 932 353 981 volatus,
390 938 466 971 aut
499 933 683 972 audiant
711 944 847 972 voces
882 933 1050 981 avium,
1085 931 1190 985 quia
1220 930 1343 969 nulla
1372 932 1463 970 ista

157 989 287 1042 signa
305 993 423 1037 sunt,
449 988 538 1034 nisi
556 1000 803 1028 consensus
824 988 1107 1027 observantis
1127 985 1326 1026 accedat.

213 1044 259 1084 C.
285 1042 425 1083 XXV.
490 1043 661 1092 Quibus
689 1044 929 1097 amputatis
966 1048 1098 1096 atque
1131 1041 1372 1082 eradicatis
1404 1040 1459 1081 ab

156 1100 303 1139 animo
324 1098 579 1139 Christiano
604 1100 817 1152 deinceps
843 1100 1063 1139 videndae
1093 1103 1195 1138 sunt
1217 1097 1459 1137 institutio-

156 1167 235 1195 nes
262 1154 491 1194 hominum
514 1167 604 1195 non
633 1156 999 1208 superstitiosae,
1033 1154 1079 1193 id
1115 1158 1203 1203 est,
1236 1165 1327 1192 non
1361 1165 1461 1202 cum

157 1211 473 1260 daemonibus,
515 1211 596 1251 sed
638 1224 737 1251 cum
777 1212 886 1264 ipsis
923 1210 1176 1250 hominibus
1208 1209 1459 1249 institutae.

156 1266 357 1320 Namque
381 1267 531 1306 onmia
547 1279 660 1320 quae
680 1267 785 1307 ideo
804 1267 956 1306 valent
974 1267 1092 1305 inter
1112 1264 1328 1314 homines,
1356 1264 1462 1317 quia

155 1323 324 1376 placuit
341 1323 460 1362 inter
478 1334 557 1362 eos
576 1328 625 1362 ut
642 1323 840 1372 valeant,
866 1322 1074 1361 instituta
1093 1320 1318 1360 bominum
1338 1325 1459 1359 sunt:

154 1391 341 1432 quorum
359 1379 522 1430 partim
540 1378 766 1431 superflua
788 1378 1108 1430 luxuriosaque
1123 1377 1330 1416 instituta
1342 1380 1458 1424 sunt,

152 1434 316 1488 partim
349 1434 587 1474 commoda
620 1440 664 1474 et
697 1435 967 1474 necessaria.
1048 1433 1131 1472 illa
1164 1433 1280 1471 enim
1315 1432 1460 1484 signa,

155 1503 268 1544 quae
289 1489 495 1530 saltando
514 1488 688 1529 faciunt
707 1489 974 1538 histriones,
1009 1488 1047 1529 si
1072 1494 1249 1536 natura,
1280 1499 1367 1526 non
1393 1488 1459 1525 in-

153 1547 313 1587 stituto
333 1551 378 1585 et
396 1545 695 1585 consensione
716 1544 941 1585 hominum
962 1545 1178 1593 valerent,
1198 1556 1284 1582 non
1304 1542 1458 1595 primis

152 1601 431 1655 temporibus
452 1601 643 1641 saltante
661 1603 936 1653 pantomimo
953 1602 990 1651 l)
1015 1612 1180 1653 praeco
1201 1598 1458 1652 pronuntia-

152 1663 223 1698 ret
241 1657 419 1710 populis
430 1655 730 1710 Carthaginis,
752 1656 857 1709 quid
876 1657 1067 1696 saltator
1084 1655 1220 1694 vellet
1237 1653 1456 1706 intelligi:

155 1713 275 1767 quod
293 1711 437 1752 adhuc
458 1713 585 1752 multi
603 1713 901 1752 meminerunt
920 1724 1071 1761 senes,
1102 1723 1288 1763 quorum
1310 1709 1459 1748 relatu

152 1768 267 1809 haec
299 1768 496 1808 solemus
531 1768 702 1808 audire.
763 1768 895 1816 Quod
928 1767 1032 1807 ideo
1068 1766 1337 1805 credendum
1373 1769 1456 1812 est,

155 1826 259 1878 quia
282 1837 397 1863 nunc
424 1836 602 1877 quoque
628 1826 667 1863 si
691 1824 788 1877 quis
816 1822 1040 1863 theatrum
1065 1822 1220 1861 talium
1240 1832 1457 1874 nugarum

153 1881 386 1933 imperitus
404 1880 662 1928 intraverit,
695 1880 783 1919 nisi
807 1879 849 1918 ei
874 1879 1047 1918 dicatur
1070 1877 1123 1916 ab
1150 1877 1313 1923 altero,
1349 1874 1458 1928 quid

152 1936 221 1975 illi
238 1942 385 1975 motus
405 1935 676 1988 significent,
696 1934 864 1974 frustra
880 1939 1002 1974 totus
1016 1934 1215 1972 intentus
1236 1937 1316 1971 est.
1373 1930 1456 1970 Ad-

152 1997 310 2044 petunt
322 1997 470 2031 tamen
487 2003 641 2031 omnes
654 1990 888 2043 quamdam
908 1988 1245 2029 similitudinem
1260 1988 1302 2026 in
1319 1986 1455 2039 signi-

153 2048 351 2097 ficando,
386 2051 435 2086 ut
459 2049 559 2100 ipsa
583 2048 732 2101 signa,
765 2047 811 2086 in
834 2051 1041 2099 quantum
1075 2049 1285 2097 possunt,
1319 2043 1454 2083 rebus

204 2178 235 2221 l)
269 2176 481 2214 Πανιόηιμος
507 2178 567 2221 qui
596 2176 823 2220 quibuslibet
846 2177 1009 2220 gestibus
1035 2177 1270 2220 corporisque
1299 2175 1454 2207 motibus
1502 2168 1503 2179 ³

154 2222 306 2258 aliorum
326 2235 441 2257 mores
461 2227 496 2258 et
513 2228 615 2258 aetus
634 2225 810 2257 imitatur.
