1503 2465
247 168 327 208 DE
358 168 660 210 DOCTRINA
691 167 922 210 CHRIST.
982 167 1095 208 [AB.
1128 167 1181 208 11.
1317 167 1362 207 51

64 253 343 304 tei-nitatem,
370 255 413 293 in
435 267 519 307 qua
540 255 689 293 vivere
710 252 936 302 volumus,
961 252 1294 301 abstinendum,
1325 258 1371 292 et

64 310 350 349 ieiunandum
392 317 478 359 est,
514 310 715 362 quamvis
749 316 999 361 temporum
1034 308 1237 348 cursibus
1273 310 1372 362 ipsa

63 365 193 405 nobis
225 366 478 405 insinuetur
500 365 706 405 doctrina
740 364 1170 405 contemnendorum
1197 370 1370 417 tempo-

62 433 158 460 rum
193 427 238 460 et
275 421 630 474 adpetendorum
666 426 967 461 aeternorum.
1039 420 1183 460 Porro
1220 427 1370 460 autem

63 476 274 517 denarius
303 490 511 517 numerus
540 477 760 518 creatoris
787 482 920 530 atque
946 482 1180 516 creaturae
1200 477 1369 530 signiti-

62 538 134 572 cat
152 535 405 583 scientiam3
426 546 526 573 nam
542 533 720 573 trinitas
741 534 961 574 creatoris
978 538 1064 572 est:
1085 535 1369 585 septenarius

60 594 209 628 autem
234 601 442 629 numerus
468 594 719 629 creaturam
743 589 913 629 indicat
945 593 1130 642 propter
1153 590 1287 628 vitam
1324 594 1370 628 et

61 656 238 697 corpus.
271 644 382 684 Nam
400 645 446 684 in
466 645 546 685 illa
561 646 651 685 tria
669 650 786 694 sunt,
807 645 925 684 unde
945 645 1079 685 etiam
1097 649 1196 684 toto
1214 644 1368 693 corde,

59 706 158 739 tota
183 702 349 749 anima,
385 706 482 740 tota
504 708 652 741 mente
683 701 939 753 diligendus
976 706 1045 741 est
1069 699 1261 750 Deus.¹)
1321 700 1368 739 ln

60 769 251 809 corpore
269 763 417 797 autem
437 763 630 810 quatuor
646 756 1018 798 manifestissima
1037 757 1255 809 adparent
1274 757 1367 809 qui·

60 812 142 852 bus
177 818 354 852 constat
381 814 617 852 elementa.
676 812 726 853 In
761 811 847 852 hoc
878 825 987 866 ergo
1022 812 1229 861 denario,
1265 812 1369 852 dum

60 869 370 921 temporaliter
391 869 520 908 nobis
542 869 810 917 insinuatur,
827 868 874 908 id
893 875 975 918 est,
997 876 1156 921 quater
1174 869 1366 916 ducitur,

61 930 185 964 caste
208 930 252 964 et
271 926 556 964 continenter
574 938 600 964 a
617 930 868 978 temporum
882 925 1185 964 delectatione
1199 925 1367 972 vivere,

61 978 148 1020 hoc
168 987 251 1029 est,
270 981 568 1034 quadraginta
589 981 747 1021 diebus
765 981 967 1020 ieiunare
986 992 1231 1020 monemur.
1268 980 1368 1020 Hoc

60 1035 150 1085 lex,
171 1037 296 1076 cuius
316 1049 509 1090 persona
528 1037 661 1076 estin
675 1037 855 1090 Moyse,
874 1035 960 1077 hoc
974 1035 1225 1089 prophetia,
1241 1036 1368 1075 cuius

59 1104 298 1145 personam
318 1093 436 1146 gerit
454 1093 596 1141 Elias,
623 1091 708 1132 hoc
730 1092 827 1146 ipse
846 1092 1066 1133 Dominus
1087 1099 1259 1139 monet,
1293 1094 1369 1144 qui

60 1153 285 1201 tamquam
309 1149 615 1188 testimonium
639 1147 807 1188 habens
843 1160 898 1188 ex
922 1149 1023 1202 lege
1062 1158 1106 1187 et
1137 1146 1370 1201 prophetis

59 1204 234 1243 medius
264 1206 382 1244 inter
404 1204 510 1243 illos
539 1205 584 1243 in
608 1210 760 1245 monte
784 1205 929 1246 tribus
957 1204 1191 1257 discipulis
1220 1204 1370 1243 viden-

58 1259 178 1299 tibus
197 1266 331 1313 atque
351 1260 634 1312 stupentibus
655 1261 829 1300 claruit.
845 1263 885 1311 2)
943 1260 1119 1300 Deinde
1143 1260 1208 1299 ita
1236 1272 1369 1313 quae-

59 1315 193 1365 ritur,
225 1329 312 1369 quo
339 1316 471 1355 modo
501 1316 912 1370 quinquagenarius
932 1316 986 1356 de
1005 1316 1366 1369 quadragenario

59 1384 244 1411 numero
273 1373 484 1420 exsistat,
510 1373 584 1426 qui
604 1386 692 1412 non
712 1372 1002 1412 mediocriter
1027 1373 1071 1411 in
1093 1377 1246 1411 nostra
1263 1372 1368 1411 reli-

59 1427 194 1480 gione
214 1433 416 1467 sacratus
438 1434 506 1467 est
524 1435 708 1481 propter
724 1433 1037 1480 pentecosten,
1058 1433 1103 1467 et
1121 1440 1207 1481 quo
1229 1428 1364 1468 modo

58 1490 128 1522 ter
141 1483 300 1523 ductus
316 1490 498 1536 propter
517 1485 604 1523 tria
621 1491 840 1537 tempora,
861 1489 963 1523 ante
977 1484 1140 1537 legem,
1153 1483 1364 1537 sublege,

58 1539 139 1578 sub
164 1541 327 1592 gratia,
362 1539 434 1579 rel
457 1546 640 1593 propter
662 1552 824 1580 nomen
849 1542 987 1593 patris
1009 1545 1054 1579 et
1073 1540 1153 1579 filii
1173 1544 1218 1579 et
1235 1539 1365 1592 spiri-

54 1599 129 1634 tus
148 1597 307 1645 sancti,
327 1595 538 1635 adiuncta
556 1596 824 1636 eminentius
842 1596 941 1649 ipsa
958 1595 1173 1645 trinitate,
1194 1595 1249 1635 ad
1262 1608 1362 1648 pur·

56 1651 318 1704 gatissimae
354 1652 575 1692 ecelesiae
618 1653 884 1705 mysterium
922 1651 1166 1700 referatur,
1206 1663 1364 1704 perve-

52 1707 239 1761 niatque
260 1708 315 1747 ad
339 1714 516 1747 centum
551 1709 876 1761 quinquaginta
908 1713 1000 1748 tres
1035 1708 1209 1761 pisces,
1245 1720 1359 1761 quos

50 1762 169 1802 retia
195 1769 298 1815 post
324 1765 703 1803 resurrectionem
722 1763 907 1804 Domini
934 1764 979 1803 in
1005 1763 1234 1803 dexteram
1262 1775 1359 1816 par·

50 1823 142 1857 tem
174 1819 312 1858 missa
344 1821 628 1872 cepe1·unt.³)
687 1820 755 1860 lta
787 1820 939 1859 multis
967 1820 1068 1859 aliis
1096 1825 1229 1873 atque
1256 1819 1358 1858 aliis

50 1886 335 1914 numerorum
356 1874 514 1915 formis
534 1875 750 1928 quaedam
766 1876 1108 1916 similitudinum
1125 1876 1169 1915 in
1189 1876 1357 1914 sanctis

48 1928 178 1969 libris
199 1937 375 1970 secreta
394 1939 633 1983 ponuntur,
646 1944 758 1984 quae
778 1938 962 1985 propter
980 1943 1264 1971 numerorum
1278 1932 1356 1970 ini·

48 1986 256 2038 peritiam
280 1987 534 2040 legentibus
561 1987 714 2027 clausa
735 1993 852 2027 sunt.
912 1986 1013 2028 Non
1050 1999 1192 2041 pauca
1220 1986 1356 2026 etiam

51 2041 221 2081 claudit
238 2048 371 2096 atque
392 2043 567 2096 obtegit
587 2043 899 2083 nonnullarum
918 2056 1064 2084 rerum
1085 2044 1355 2083 musicarum

48 2096 322 2150 ignorantia.
382 2097 491 2137 Nam
519 2105 564 2138 et
593 2099 646 2138 de
673 2099 875 2152 psalterii
896 2104 1028 2152 atque
1050 2097 1249 2139 citharae
1269 2097 1354 2138 dif-

47 2152 244 2193 ferentia
270 2153 447 2206 qnidam
475 2168 561 2194 non
588 2155 854 2195 inconcinne
881 2155 1055 2209 aliquas
1072 2167 1221 2195 rerum
1241 2154 1352 2208 figu-

96 2272 131 2315 1)
150 2271 209 2306 ef.
229 2273 389 2314 Mamm,
408 2279 461 2310 37.
510 2277 548 2320 2)
568 2277 657 2310 Mat.
680 2279 843 2314 17.2.ss.
893 2277 1175 2366 3)10}i.›21,11.

1056 2329 1078 2366 2
