1503 2465
301 133 697 175 ENCHIRIDION
726 133 803 173 AD
836 132 1130 175 LAURENT.
1293 134 1372 173 211

60 219 289 259 hominum
314 219 625 272 redemptione
649 220 805 258 ruinae
830 218 955 258 illius
980 218 1215 271 angelicae
1239 219 1375 259 detri-

61 282 211 316 menta
232 281 508 326 reparantur,
825 301 833 308 .

119 331 166 370 C.
188 330 325 369 LXll.
388 330 443 369 Et
467 330 621 383 utique
650 335 872 369 noverunt
901 330 1043 370 sancti
1074 330 1228 382 angeli
1252 329 1376 369 docti

63 399 89 426 a
106 386 206 426 Deo
221 416 231 435 ‚
260 386 387 425 cuius
411 387 616 425 veritatis
644 391 830 425 aeterna
848 386 1232 438 contemplatione
1251 385 1378 425 beati

61 447 185 491 sunt,
222 442 371 494 quanti
410 442 579 481 numeri
618 442 974 493 supplementum
1010 442 1064 480 de
1099 453 1266 494 genere
1299 439 1376 480 hu-

60 510 192 536 mano
217 498 456 550 integritas
485 497 609 535 illius
641 498 838 536 civitatis
873 502 1119 550 exspectet.
1182 496 1377 548 Propter

62 551 147 592 hoc
167 553 230 592 ait
247 552 482 605 apostolus
498 553 552 601 ¹),
573 552 816 592 instaurari
833 552 977 592 omnia
999 552 1040 591 in
1055 551 1245 599 Christo,
1268 565 1377 604 qnae

59 607 106 647 in
129 608 256 648 coelis
280 615 381 648 sunt
402 615 444 648 et
461 621 570 661 qaae
594 607 639 647 in
665 608 806 648 terris.
870 608 1184 648 Instaurantur
1210 608 1375 660 quippe

62 666 245 717 quaein
271 664 413 704 coelis
438 669 561 713 sunt,
596 677 727 716 quum
762 664 807 703 id
842 664 962 716 quod
996 664 1099 703 inde
1124 665 1169 703 in
1199 664 1375 716 angelis

60 719 234 771 lapsum
256 726 337 768 est,
359 732 411 759 ex
433 718 688 759 hominibus
708 720 934 759 redditur:
967 721 1276 759 instaurantur
1301 731 1376 758 au-

59 780 149 814 tem
170 788 283 828 quae
304 777 346 814 in
364 776 497 815 terris
516 780 632 824 sunt,
654 789 784 829 quum
804 777 891 828 ipsi
910 774 1130 823 homines,
1152 777 1226 828 qui
1248 787 1376 827 prae-

61 830 276 872 destinati
298 832 474 870 suntad
496 837 724 870 aeternam
742 832 902 879 vitam,
933 844 957 870 a
976 832 1281 883 corruptionis
1302 842 1376 869 ve-

59 891 229 926 tustate
252 893 539 926 remu-antur.
590 888 650 927 Ac
669 888 734 927 sie
755 900 834 940 per
851 887 961 926 illud
984 887 1215 940 singulare
1235 886 1376 926 saeri-

63 942 235 991 fieium,
268 944 311 982 in
332 955 420 995 quo
443 942 667 981 mediator
692 949 760 982 est
783 942 1064 991 immolatus,
1093 943 1213 995 quod
1239 955 1377 982 unum

61 998 229 1037 multae
248 998 290 1037 in
310 999 411 1050 lege,
431 999 640 1038 victimae
660 999 929 1052 figurabant,
957 999 1254 1050 pacificantur
1273 1010 1376 1038 coe-

62 1053 197 1093 lestia
221 1066 319 1093 cum
343 1055 657 1102 terrestribus,
695 1060 740 1093 et
766 1056 1001 1094 terrestria
1034 1068 1132 1093 eum
1164 1054 1376 1093 coelesti-

60 1108 160 1149 bus.
221 1109 367 1158 Quoni
375 1123 442 1149 im
464 1112 580 1149 sicut
598 1110 715 1149 idem
738 1110 974 1162 apostolus
994 1110 1132 1149 (Ῑὶῡίῑ2
1147 1114 1176 1151 ):
1210 1109 1260 1149 In
1282 1109 1374 1161 ipso

62 1164 325 1217 complacuit
351 1179 517 1205 onmem
536 1165 848 1218 plenitudinem
884 1165 1168 1219 [divinitatis]
1206 1164 1376 1205 zalathi-

62 1227 172 1269 tare‚
194 1227 329 1274 εἰμεν·
347 1234 441 1261 eum
458 1221 737 1261 reconczliari
751 1222 894 1261 onmia
907 1221 950 1261 in
964 1222 1117 1274 ipsum,
1133 1220 1376 1276 pact-sienne

58 1289 140 1329 per
158 1276 414 1329 sanoninem
433 1277 571 1317 crucis
591 1276 691 1326 eius,
711 1277 797 1318 sive
817 1291 924 1331 qnae
941 1277 987 1317 in
1006 1277 1134 1317 terris
1150 1285 1263 1326 sunt,
1289 1276 1377 1317 sive

63 1345 172 1385 qaae
188 1331 233 1372 in
253 1332 392 1372 coelis.

123 1388 348 1428 C.LX111.
410 1388 517 1429 Pax
541 1389 651 1428 ista
679 1389 995 1443 praecellit,
1022 1390 1139 1430 sieut
1159 1392 1379 1443 seriptum

64 1444 203 1493 est3)‚
226 1456 431 1484 omnem
460 1445 828 1495 intellectum3
869 1458 1044 1498 neque
1071 1446 1201 1486 seiri
1231 1459 1255 1485 a
1282 1459 1377 1485 no-

62 1498 168 1547 bis,
188 1500 293 1539 nisi
316 1513 465 1553 quum
483 1501 545 1539 ad
566 1513 677 1540 eain
703 1502 1024 1550 venerimus,
1046 1508 1245 1555 potest.
1275 1502 1376 1550 Quo

63 1555 198 1594 modo
220 1556 335 1595 enim
357 1557 650 1609 pacificantur
667 1557 890 1596 eoelestia
915 1558 1000 1597 nisi
1032 1558 1185 1607 nobis,
1220 1558 1266 1597 id
1291 1565 1376 1607 est,

65 1611 384 1651 concordando
415 1612 675 1651 nobiseum?
707 1612 819 1652 Nam
842 1613 902 1651 ibi
932 1625 1109 1665 semper
1134 1618 1204 1653 est
1226 1627 1312 1667 pax
1332 1620 1379 1653 et

62 1667 182 1706 inter
200 1679 246 1706 se
269 1668 491 1707 universis
510 1668 898 1708 intellectualibus
926 1670 1169 1717 creaturis,
1208 1676 1252 1710 et
1276 1682 1377 1709 cum

63 1734 147 1761 suo
170 1729 390 1763 creatore.
453 1724 578 1771 Quae
603 1735 687 1776 pax
712 1724 967 1776 praecellit,
1008 1730 1056 1764 ut
1089 1726 1257 1765 dietum
1289 1734 1376 1772 est,

64 1789 241 1817 omnem
258 1779 554 1827 intellectum,
585 1779 663 1818 sed
682 1780 837 1833 utique
856 1787 1074 1829 nostrum,
1094 1794 1181 1820 non
1203 1794 1376 1830 eorum,

64 1833 140 1886 qui
158 1846 335 1887 semper
352 1835 506 1874 xident
523 1834 683 1874 faciem
703 1836 858 1888 patris.
919 1835 1013 1875 Nos
1037 1843 1209 1886 a,ut‹m
1240 1850 1376 1890 qnan-

63 1894 327 1943 tuscumque
346 1893 404 1930 sit
423 1892 466 1930 in
486 1891 614 1929 nobis
639 1891 897 1931 intellectus
918 1891 1150 1941 humanus,
1174 1905 1229 1932 ex
1248 1905 1326 1946 par
1332 1902 1375 1932 te

63 1944 250 1994 scimus,
281 1952 326 1985 et
347 1947 550 1985 videmus
578 1959 690 1985 nune
718 1959 797 1999 pel
824 1948 1053 2001 speculum
1086 1949 1129 1987 in
1150 1949 1377 2001 aenigma-

64 2005 122 2039 te.
141 1999 182 2048 4)
241 1976 387 2049 'Quum
428 2014 534 2041 iero
571 2003 784 2065 aequales
820 2004 995 2055 angelis
1021 2003 1106 2043 Dei
1140 2003 1375 2051 fuerimus,

62 2051 185 2104 tune,
206 2058 580 2108 quemadmodum
601 2064 646 2097 et
674 2059 779 2111 ipsi,
807 2059 1059 2099 videbimus
1083 2059 1201 2100 facie
1230 2060 1285 2099 ad
1310 2060 1374 2098 fi-

114 2189 147 2224 1]
164 2187 259 2230 Eph.
281 2192 314 2227 1,
344 2192 395 2221 10
443 2190 479 2227 2)
503 2189 581 2222 Col.
604 2194 639 2224 l.
669 2192 720 2223 if).
740 2193 795 2223 20.
845 2190 883 2232 3)
904 2189 1002 2222 Phil.
1021 2193 1059 2230 4,
1078 2193 1112 2224 7.
1137 2191 1308 2225 Ceterum
1329 2193 1374 2226 ef.

64 2233 157 2277 Aug.
177 2235 219 2269 de
233 2235 301 2270 civ·
320 2235 378 2269 dei
397 2239 450 2276 22,
471 2240 527 2270 29.
580 2240 617 2279 4)
641 2237 696 2270 Cf.
728 2240 739 2268 1
756 2237 840 2270 cor.
864 2239 914 2276 13,
933 2241 984 2271 12.
1003 2242 1040 2270 et
1059 2239 1215 2277 1.nc.20‚
1234 2241 1290 2273 36.

1021 2290 1101 2331 02
