1503 2465
151 109 203 148 82
513 109 749 149 AURELII
777 108 1098 149 AUGUSTINI

151 191 613 247 solatiszmmsfralres
627 192 673 232 in
686 192 817 232 vobis.
851 191 1042 231 Dubium
1058 197 1126 232 est
1140 194 1271 241 enim,
1286 196 1452 231 utrum:

157 260 181 287 o
200 247 379 296 fratres,
400 260 477 287 an:
499 247 581 287 hos
602 247 790 298 fratres;
816 253 1021 286 neutrum
1042 253 1190 287 autem
1209 246 1366 287 horum
1386 252 1456 286 est

157 309 316 342 contra
338 303 485 342 fidem.
548 303 638 343 Sed
663 303 839 342 Graeca
862 302 1017 355 lingua
1047 301 1129 342 hos
1157 315 1288 342 casus
1321 314 1452 354 pares

154 370 245 397 non
272 357 426 408 habet3
461 363 505 398 et
529 358 634 398 ideo
660 359 741 397 illa
762 359 967 410 inspecta
988 358 1270 398 renuntiatur
1287 357 1456 396 voeati-

154 427 251 458 vus,
269 414 316 453 id
335 419 417 463 est,
437 426 461 452 o
483 413 660 454 fratres.
709 414 841 461 Quod
859 414 898 453 si
916 413 1137 453 voluisset
1152 413 1373 465 interpres
1393 412 1455 451 di-

157 481 279 508 cere:
309 473 550 521 propterea
568 469 927 508 consolationem
946 467 1194 517 habuimus,
1213 467 1393 516 fratres,
1410 469 1457 506 iu

152 525 298 573 vobis,
318 525 462 563 miuus
482 525 694 564 servitum
709 529 831 564 esset
848 524 1009 569 verbis,
1029 524 1109 563 sed
1127 526 1269 563 minus
1289 523 1343 562 de
1360 534 1458 562 sen-

154 581 299 619 tentia
322 579 625 630 dubitaretur3
665 585 742 619 aut
773 584 894 618 certe
928 581 966 619 si
1000 579 1261 618 adderetur:
1298 578 1457 626 nostri,

154 647 286 674 nemo
310 633 406 674 fere
434 635 685 687 ambigeret
709 637 960 674 vocativum
986 647 1085 674 esse
1113 647 1282 682 casum,
1325 645 1459 686 quum

157 690 353 729 audiret:
388 697 628 743 propterea
652 690 874 730 consolati
903 703 1074 739 sumus,
1110 689 1273 729 fratres
1298 688 1458 737 nostri,

154 746 199 784 in
218 745 362 785 vobis.
412 745 500 786 Sed
517 747 603 785 iam
625 744 711 785 hoe
730 746 1028 798 periculosius
1048 745 1335 798 permittitur.
1391 744 1459 782 lta

153 799 322 840 factum
343 806 412 840 est
428 801 472 840 in
491 801 571 840 illa
588 801 643 840 ad
663 800 920 841 Corinthios
938 803 976 851 ¹)
990 831 1000 850 ,
1037 814 1170 853 quum
1194 801 1257 841 ait
1277 804 1457 852 aposto-

154 856 245 896 lus:
283 855 485 906 Quotidie
507 856 690 905 morior,
718 869 802 909 per
828 863 1011 896 vestram
1032 855 1241 910 gloriam,
1265 855 1458 910 fratre-5,

157 925 285 964 quam
303 911 438 951 habeo
456 911 501 950 in
522 911 694 952 Christo
714 911 823 951 Iesu.
884 913 957 952 Ait
986 912 1102 951 enim
1121 911 1299 964 quidam
1322 910 1457 949 inter-

155 980 280 1020 pres:
309 967 498 1020 quotidie
515 967 692 1015 morior,
707 980 788 1019 per
805 974 991 1007 vestrcmz
1011 967 1104 1006 iuro
1120 967 1325 1019 gloriam,
1352 966 1456 1017 qiua

153 1023 200 1062 in
226 1022 401 1062 Graeco
427 1035 514 1062 vox
542 1023 731 1062 iurantis
755 1022 994 1062 manifesta
1023 1027 1091 1061 est
1121 1023 1217 1061 sine
1245 1021 1455 1073 ambiguo

155 1090 284 1118 sono.
334 1079 577 1118 Rarissime
596 1079 736 1131 igitur
755 1084 799 1117 et
818 1079 1078 1118 difficillime
1098 1078 1289 1117 inveniri.
1306 1081 1459 1129 potest

154 1134 425 1187 ambiguitas
443 1133 488 1172 in
504 1135 698 1186 propriis
717 1134 889 1181 verbis,
918 1140 1128 1187 quantum
1156 1133 1211 1172 ad
1230 1133 1372 1172 libros
1394 1131 1456 1171 di-

152 1190 355 1229 vinarum
374 1190 694 1242 seripturarum
713 1194 902 1241 spectat,
923 1202 1052 1241 quam
1071 1201 1158 1228 non
1177 1195 1252 1228 aut
1270 1188 1456 1228 circum-

153 1246 321 1285 stantia
344 1245 443 1298 ipsa
467 1245 707 1293 sermonis,
742 1258 828 1298 qua
859 1245 1152 1297 cognoscitur
1184 1244 1456 1295 scriptorum

150 1301 366 1350 intentio,
393 1302 779 1353 autinterpretum
805 1300 1010 1349 collatio,
1039 1304 1115 1339 aut
1138 1299 1454 1352 praecedentis

151 1357 334 1409 linguae
355 1356 502 1396 solvat
518 1357 757 1408 inspectio.

210 1413 257 1452 C.
278 1411 331 1452 V.
399 1411 487 1451 Sed
511 1412 747 1451 verborum
775 1412 1094 1451 translatorum
1119 1410 1453 1463 ambiguitateS‚

154 1467 208 1507 de
234 1467 393 1520 quibus
413 1467 624 1520 deinceps
648 1467 922 1519 loquendum
951 1477 1035 1516 est,
1064 1479 1149 1505 non
1177 1467 1454 1506 mediocrem

153 1535 305 1563 curam
325 1522 679 1575 industriamque
701 1523 974 1562 desiderant.
1034 1521 1146 1561 Nam
1163 1523 1208 1561 in
1229 1522 1450 1574 principio

153 1578 402 1618 cavendum
428 1584 515 1627 est,
552 1591 606 1617 ne
635 1579 870 1631 figuratam
897 1578 1171 1617 locutionem
1200 1578 1256 1617 ad
1275 1577 1454 1616 literam

151 1635 363 1686 accipias.
423 1633 480 1673 Et
498 1633 553 1672 ad
575 1634 657 1673 hoc
678 1635 793 1673 enim
815 1634 1021 1686 pertinet,
1054 1632 1173 1685 quod
1191 1634 1255 1672 ait
1271 1637 1452 1684 aposto-

150 1690 221 1729 lus
235 1692 294 1739 2):
313 1688 468 1728 Licera
488 1688 657 1737 occidit,
682 1688 858 1741 spiritus
877 1696 1018 1728 atatem
1038 1687 1243 1741 vivificat.
1306 1687 1452 1735 Quum

152 1746 268 1784 enim
290 1745 479 1797 figurate
500 1745 664 1784 dietum
685 1746 750 1784 sic
769 1746 1001 1797 accipitur,
1024 1751 1249 1796 tamquam
1268 1744 1449 1795 proprie

151 1800 319 1839 dictum
337 1801 410 1848 sit,
430 1800 671 1840 carnaliter
690 1801 876 1852 sapitur.
936 1799 1091 1852 Neque
1110 1800 1204 1839 ulla
1219 1811 1339 1838 mors
1359 1798 1450 1836 ani-

149 1868 248 1895 mae
268 1856 591 1908 congruentius
617 1856 893 1909 adpellatur,
919 1869 1049 1909 quam
1069 1868 1200 1908 quum
1227 1854 1272 1893 id
1299 1854 1448 1901 etiam,

151 1911 271 1962 quod
290 1912 333 1949 in
354 1923 406 1949 ea
424 1911 582 1950 bestiis
609 1912 862 1961 antecellit,
897 1910 983 1950 hoc
1010 1916 1096 1958 est,
1129 1909 1449 1962 intelligentia,

150 1966 271 2006 carni
292 1966 528 2005 subiicitur
547 1968 776 2018 sequendo
796 1968 987 2006 literam.
1049 1965 1135 2014 Qui
1159 1966 1276 2005 enim
1302 1965 1447 2016 sequi·

148 2027 222 2060 tur
239 2022 436 2070 literam,
469 2022 688 2061 translata
705 2022 843 2061 verba
860 2023 977 2062 sicut
994 2022 1174 2074 propria
1197 2024 1342 2071 tenet,
1373 2030 1448 2057 ne-

149 2089 234 2128 que
252 2076 363 2117 illud
377 2107 387 2127 ,
408 2076 527 2129 quod
546 2078 730 2130 proprio
749 2078 886 2117 verbo
907 2077 1207 2131 significatur,
1233 2073 1375 2115 refert
1393 2072 1450 2113 ad

197 2196 232 2237 l)
256 2201 270 2229 l
292 2196 375 2230 Cor.
395 2199 448 2236 15,
467 2199 521 2230 31.
571 2197 607 2239 2)
628 2201 647 2231 2
667 2197 748 2230 Cor.
767 2201 799 2232 3.
819 2200 851 2230 6.
