1503 2465
252 98 331 139 DE
362 100 666 142 DOCTRINA.
698 102 929 143 CHRIST.
990 103 1102 143 Lm.
1141 104 1169 143 l.
1343 106 1365 145 9

113 182 160 222 C.
183 182 235 223 V.
295 185 382 223 Res
404 185 543 237 igitur
572 186 733 239 quihus
766 186 1005 227 fruendum
1039 195 1127 237 est,
1160 196 1287 241 pater
1322 199 1367 230 et

57 238 176 278 filius
197 246 240 278 et
258 241 440 293 spiritus
460 248 641 281 sanctus
663 250 750 292 est,
781 244 1027 296 eademque
1047 245 1246 293 trinitas,
1280 260 1367 286 una

56 295 276 347 quaedam
299 310 470 336 summa
496 309 566 336 res
592 301 932 352 communisque
952 301 1158 340 omnibus
1178 300 1364 341 fruenti-

56 349 138 389 bus
164 362 234 398 ea,
272 352 307 391 si
332 358 479 392 tamen
508 365 579 392 res
607 360 653 394 et
677 368 766 394 non
794 355 989 394 omnium
1020 369 1168 396 rerum
1206 370 1367 398 caussa

56 406 129 454 sit,
150 406 184 445 si
206 412 352 446 tamen
371 413 415 447 et
433 421 605 449 caussa.
638 409 738 449 Non
761 412 875 450 enim
898 410 1033 451 facile
1054 425 1230 463 nomen,
1247 415 1366 466 quod

55 468 206 502 tantae
239 464 536 503 excellentiae
563 467 816 515 conveniat,
851 472 1006 519 potest
1035 468 1239 517 inveniri,
1280 470 1365 509 nisi

54 518 173 569 quod
198 519 360 558 melius
389 522 453 559 ita
476 520 664 560 dieitur:
700 522 879 562 trinitas
911 521 1044 572 haee,
1080 537 1194 563 unus
1224 524 1363 575 Deus,

54 585 109 612 ex
129 585 215 625 quo
236 576 399 624 omnia,
419 587 497 627 per
516 588 646 628 quem
667 579 830 627 omnia,
853 579 898 618 in
920 592 1005 632 quo
1030 581 1192 620 onmia.
1212 583 1247 630 ¹)
1298 581 1366 620 lta

52 635 195 680 pater,
217 635 260 669 et
276 630 393 671 filius
414 638 458 671 et
476 632 661 684 spiritus
681 640 878 684 sanctus,
893 640 937 674 et
955 635 1160 688 singulus
1174 637 1362 690 quisque

54 683 212 724 horum
232 685 371 735 Deus,
407 693 450 726 et
470 688 603 727 simul
621 700 776 729 omnes
795 703 907 730 unus
926 690 1065 740 Deus,
1095 697 1139 731 et
1158 693 1363 745 singulus

52 741 241 794 quisque
262 740 418 782 horum
440 743 571 796 plena
588 744 853 794 substantia,
884 752 928 785 et
947 747 1080 785 simul
1102 745 1256 788 omnes
1278 761 1364 788 una

51 796 317 838 substantia.
367 798 502 838 Pater
520 811 602 838 nec
622 800 739 840 filius
761 808 829 840 est
852 815 933 842 nec
953 803 1136 854 spiritus
1158 811 1361 853 sanetus3

51 852 170 891 filius
205 866 287 894 nec
321 861 448 906 patei·
483 860 552 894 est
585 868 666 895 nec
700 858 884 909 spiritus
919 864 1124 909 sauctus3
1176 860 1360 912 spiritus

50 914 232 948 sanctus
266 922 349 949 nec
379 916 505 963 pater
531 917 703 952 estnec
730 913 868 952 tilius:
916 914 996 954 sed
1028 920 1156 966 pater
1189 922 1358 955 tantum

49 969 192 1017 pater,
228 971 273 1004 et
294 965 410 1005 filius
431 972 602 1006 tantum
622 968 755 1017 filius,
793 975 838 1009 et
859 970 1043 1021 spiritus
1065 977 1245 1010 sanetus
1266 978 1360 1011 tan·

47 1026 142 1058 tum
162 1021 346 1072 spiritus
367 1028 562 1062 sanctus.
624 1024 791 1063 Eadem
819 1026 964 1065 tribus
991 1028 1255 1075 aeternitas,
1289 1039 1358 1066 ea-

50 1075 151 1115 dem
170 1076 614 1128 incommutabilitas,
637 1080 793 1119 malem
813 1083 1042 1130 maiestas,
1059 1083 1214 1122 eadem
1233 1090 1358 1135 pote·

48 1137 155 1170 stas.
219 1132 264 1171 ln
292 1139 416 1185 patre
446 1134 610 1181 unita&
643 1135 686 1174 in
715 1136 808 1175 filio
838 1138 1104 1190 aequalitas,
1137 1139 1179 1177 in
1200 1139 1360 1191 spiritu

48 1193 206 1227 sancto
241 1190 425 1228 unitatis
459 1190 838 1245 aequalitatisque
877 1193 1140 1243 coneorcliag
1187 1201 1232 1234 et
1272 1194 1360 1234 tria

48 1240 160 1282 haec
190 1256 322 1282 unum
354 1245 502 1284 omnia
525 1252 709 1299 propter
738 1255 930 1300 patrem,
967 1250 1175 1302 aequalia
1210 1252 1360 1290 omnia

45 1304 232 1351 propter
277 1299 436 1349 filium,
483 1313 687 1341 connexa
730 1304 879 1344 omnia
923 1312 1108 1358 propter
1151 1307 1357 1358 spiritum

46 1360 264 1394 sanctuni.

101 1410 146 1448 C.
171 1409 244 1450 Vl.
303 1410 568 1451 Diximusnc
591 1413 757 1466 aliquid
778 1420 823 1454 et
841 1417 1073 1455 sonuimus
1101 1417 1271 1470 aliquid
1293 1418 1355 1457 di-

44 1477 178 1518 gnum
196 1466 322 1506 Deo'}
354 1467 445 1506 lmo
468 1480 571 1507 vero
594 1467 702 1507 nihil
729 1483 796 1509 me
817 1470 938 1510 aliud
960 1485 1088 1524 quam
1109 1474 1260 1513 (licere
1279 1488 1354 1512 vo-

43 1521 182 1560 luisse
203 1522 364 1563 sentio.
401 1522 444 1563 Si
466 1529 613 1563 autem
632 1524 738 1572 dixi,
760 1540 847 1565 non
868 1533 936 1566 est
957 1526 1041 1567 hoc
1062 1529 1180 1580 quod
1202 1529 1353 1569 dicere

43 1577 180 1616 volui.
231 1578 329 1618 Hoc
351 1579 466 1618 unde
486 1580 597 1627 scio,
620 1581 701 1618 nisi
724 1582 828 1633 quia
848 1581 972 1621 Deus
993 1584 1237 1624 ineffabilis
1260 1586 1355 1625 est!

44 1632 175 1680 Quod
195 1639 343 1673 autem
362 1647 387 1673 a
405 1648 474 1675 me
500 1636 665 1674 (lictum
694 1643 776 1684 est,
811 1639 849 1677 si
868 1638 1097 1679 ineffabile
1119 1647 1255 1689 esset,
1289 1641 1353 1680 di-

43 1695 161 1727 ctum
199 1701 285 1728 non
314 1696 450 1730 esset.
512 1691 572 1730 Ae
598 1704 675 1742 pei·
703 1690 788 1731 hoc
816 1707 868 1732 ne
899 1694 1141 1735 ineffabilis
1171 1696 1351 1749 quidem

43 1743 259 1783 dicendus
283 1752 352 1785 est
369 1745 509 1795 Deus,
530 1747 634 1799 quia
654 1754 698 1786 et
718 1746 803 1788 hoc
823 1762 955 1802 quum
977 1752 1154 1800 dieitur,
1181 1753 1351 1805 aliquid

43 1799 221 1838 (licitur.
254 1801 311 1840 Et
330 1801 379 1841 fit
397 1803 552 1841 nescio
568 1815 680 1855 quae
699 1816 848 1857 pugna
869 1806 1121 1856 verborum,
1139 1810 1351 1861 quoniam

41 1855 76 1893 si
98 1855 207 1894 illud
227 1862 296 1896 est
314 1856 570 1906 ineffabile,
603 1859 721 1912 quod
743 1860 831 1899 (lici
854 1875 939 1900 non
962 1869 1134 1915 potest,
1168 1878 1255 1903 non
1283 1871 1352 1904 est

40 1910 293 1959 ineffabile,
336 1913 456 1966 quod
490 1914 560 1953 vel
593 1913 824 1955 ineffabile
859 1916 944 1956 dici
980 1924 1144 1970 potest.
1224 1920 1350 1967 Quae

40 1978 189 2018 pugna
213 1967 451 2007 verborum
480 1969 663 2009 silentio
692 1973 892 2011 cavenda
917 1974 1066 2025 potius
1087 1987 1217 2027 quam
1237 1987 1349 2015 voce

39 2023 242 2074 pacanda
277 2030 358 2063 est.
420 2024 477 2063 Et
508 2030 656 2065 tamen
684 2026 823 2076 Deus,
862 2042 994 2080 quum
1032 2030 1085 2069 de
1121 2031 1200 2069 illo
1238 2030 1349 2071 nihil

39 2078 174 2131 (ligne
195 2079 285 2118 dici
301 2080 462 2132 possit,
483 2082 665 2122 admisit
683 2081 900 2124 humanae
920 2086 1043 2125 vocis
1066 2085 1347 2139 obsequium,

88 2199 120 2241 1)
143 2200 200 2233 Cf.
221 2200 323 2235 Rom.
347 2205 397 2241 ΙΙ,
416 2205 467 2239 36.
