1503 2465
145 106 225 145 252
376 105 505 146 AUR.
535 104 784 146 AUGUST.
818 103 1230 146 ENCHlRIDION.

145 202 234 229 rem
261 190 629 243 nontanger01),
664 195 787 229 tunc
813 194 958 229 recte
992 188 1152 239 fiunt,
1187 202 1337 242 quum
1373 202 1456 229 re-

144 244 390 284 feruntur
415 246 476 284 ad
507 245 836 299 diligendum
862 245 1044 294 Deum,
1080 250 1131 284 et
1165 246 1454 297 proximum

143 313 201 354 pr
215 314 238 339 o
251 300 562 354 ptcheuni,
583 302 688 340 etin
710 299 793 339 hoc
812 301 995 340 saeculo
1019 301 1124 340 etin
1145 300 1317 350 futuro;
1341 314 1455 340 nunc

142 356 288 396 Deum
307 369 386 409 per
406 358 559 406 tidem,
592 363 698 396 tunc
716 369 795 409 per
813 357 1032 408 speciem,
1068 363 1113 395 et
1136 357 1278 410 ipsum
1307 357 1453 408 proxi-

142 425 262 451 mum
297 425 412 452 nunc
447 425 525 466 per
561 413 708 452 fidem.
770 411 869 451 Non
900 412 1016 450 enim
1042 410 1206 451 scimus
1237 413 1453 451 mortales

144 468 284 507 corda
316 468 588 507 mortalium.
649 469 776 507 Tunc
811 473 958 507 autem
995 467 1267 506 illuminabit
1298 467 1453 506 Domi-

142 537 225 563 nus
250 524 520 563 abscondita
546 525 857 571 tenebrarum,
884 529 928 562 et
955 523 1264 562 manifestabit
1283 524 1453 576 eogita-

139 580 289 619 tiones
316 580 485 628 cordis3
520 585 564 619 et
587 587 692 619 tunc
716 579 813 618 laus
841 581 927 618 erit
951 579 1191 631 unicuique
1218 591 1243 617 a
1268 579 1367 617 Deo
1384 581 1450 628 2¹);

142 636 247 688 quia
267 635 309 674 id
327 635 583 674 laudabitur
602 640 647 675 et
666 635 882 687 diligetur
899 647 923 673 a
946 635 1148 687 proximo
1170 635 1213 673 in
1229 635 1449 687 proximo,

142 690 261 743 quod
284 703 338 730 ne
363 690 515 739 lateat,
544 692 717 744 abipso
742 689 1196 730 illuminabiturDee.
1256 690 1451 730 Minui-

140 752 228 786 tur
250 752 421 786 autem
451 748 722 799 cupiditas
755 748 987 785 caritate
1022 751 1324 795 crescente,
1359 746 1451 785 do-

141 814 237 842 nec
263 802 440 841 veniat
464 801 548 841 hic
572 803 633 842 ad
659 807 859 841 tantam
884 801 1328 854 magnitudinem,
1353 813 1453 854 qua

142 858 241 898 mai
259 870 316 897 οι·
343 869 463 897 esse
491 871 592 897 non
616 859 806 911 possit.
853 855 1069 897 Maiorem
1089 858 1204 896 enim
1224 856 1453 896 caritatem

141 926 264 953 nemo
300 912 448 961 habet,
486 927 613 966 quam
645 921 695 953 nt
725 913 914 952 animam
948 925 1067 952 sumn
1095 912 1185 965 quis
1200 920 1342 965 ponat
1365 926 1450 965 pro

142 968 292 1008 amicis
314 968 464 1018 sm's.³)
524 970 587 1008 lbi
619 975 765 1009 autem
788 970 886 1022 quis
906 969 1122 1021 explicet,
1154 975 1319 1020 quanta
1340 969 1451 1008 eari-

140 1030 211 1064 tas
234 1025 339 1073 erit,
370 1025 441 1064 ubi
470 1025 713 1078 cupiditas,
745 1038 873 1078 quam
891 1025 961 1063 vel
981 1025 1232 1063 coercendo
1253 1030 1450 1077 superet,

140 1080 265 1119 nulla
283 1083 388 1130 erit3
419 1082 627 1133 quoniam
651 1093 823 1120 summa
840 1082 1009 1120 sanitas
1029 1080 1128 1128 erit,
1151 1080 1327 1132 quando
1348 1093 1451 1119 con·

139 1138 286 1176 tentio
309 1137 468 1175 mortis
485 1137 608 1176 nulla
626 1137 731 1176 erit!

200 1192 248 1231 C.
270 1192 447 1231 CXXll.
482 1193 569 1230 sed
589 1193 648 1231 sit
667 1192 909 1245 aliquando
926 1192 1057 1233 huius
1075 1191 1313 1232 voluminis
1337 1191 1453 1241 finis,

141 1247 261 1300 quod
283 1248 379 1300 ipse
398 1247 583 1298 videris,
603 1255 748 1287 utrum
768 1247 1113 1289 enchiridion
1133 1247 1361 1300 adpellare
1379 1247 1453 1286 de-

139 1303 266 1352 beas,
285 1304 358 1342 rel
376 1302 556 1343 habere.
606 1305 703 1357 Ego
722 1310 870 1344 tamen
889 1317 1022 1357 quum
1040 1303 1293 1357 spernenda
1313 1309 1391 1342 tua
1407 1304 1450 1342 in

143 1357 326 1398 Christo
358 1360 507 1399 studia
530 1372 618 1399 non
641 1366 862 1412 putarem,
896 1361 1017 1400 bona
1043 1361 1098 1400 de
1122 1365 1166 1399 te
1193 1358 1380 1398 credens
1405 1359 1451 1398 in

142 1414 372 1454 adiutorio
401 1416 547 1454 nostri
581 1416 880 1467 redemptoris
915 1428 966 1455 ac
998 1428 1205 1468 sperans,
1240 1420 1373 1467 teque
1407 1415 1452 1453 in

143 1471 241 1510 eius
258 1471 471 1511 membris
493 1471 728 1523 plurimum
751 1471 967 1524 diligens,
995 1472 1158 1511 librum
1177 1470 1229 1509 ad
1248 1475 1308 1517 te,
1335 1471 1452 1509 sicut

141 1526 287 1576 valui,
321 1527 491 1565 utinam
511 1533 599 1566 tam
620 1527 922 1575 commodum,
952 1540 1081 1580 quam
1112 1526 1356 1579 prolixum,
1390 1525 1451 1565 de

141 1580 278 1630 fide,
305 1595 396 1635 spe
422 1588 474 1622 et
500 1583 733 1623 caritate
760 1583 1023 1636 conscripsi.

188 1720 261 1764 1)1
283 1721 365 1755 Cor.
384 1724 415 1762 7,
438 1727 465 1755 Ι.
514 1722 552 1765 2)
573 1721 632 1755 Cf.
653 1726 666 1754 1
689 1721 774 1755 Cor.
793 1724 824 1761 4,
843 1724 878 1754 5.
927 1723 962 1763 3)
983 1719 1061 1753 1011.
1087 1723 1136 1760 15,
1160 1723 1209 1753 13.
