1503 2465
155 94 234 135 164
509 94 747 136 AURELII
775 95 1095 136 AUGUSTINI

151 179 269 233 quod
290 177 496 233 profecto
515 180 626 219 utile
647 185 729 229 est,
749 180 873 220 multi
896 181 1233 232 praedicatores
1251 181 1455 221 veritatis

151 236 282 283 fiunt,
316 247 398 274 nec
425 235 554 274 multi
580 237 803 288 magistri,
841 237 877 275 si
904 237 1035 276 unius
1062 237 1159 276 veri
1180 237 1382 290 magistri
1410 237 1457 276 id

149 291 295 343 ipsum
309 290 459 330 dicant
471 303 639 339 omnes,
656 297 701 330 et
718 304 805 330 non
827 293 975 331 sintin
998 294 1062 332 eis
1082 291 1337 332 schismata.
1362 292 1456 332 Nec

153 346 413 385 deterrendi
441 351 544 385 sunt
576 347 652 386 isti
684 358 795 386 voce
820 347 1039 387 leremiue
1077 346 1346 400 prophetae,
1376 360 1457 400 per

152 414 281 454 quem
300 401 423 440 Deus
445 401 594 453 arguit
612 414 705 450 eos,
727 402 801 454 qui
820 402 1025 442 furantur
1038 404 1175 443 verba
1193 404 1305 451 eius,
1323 417 1455 442 unus-

152 457 340 510 quisque
361 470 385 495 a
401 457 607 508 proximo
631 470 727 496 suo.
745 461 781 507 ¹)
844 458 926 505 Qui
958 461 1072 498 enim
1099 457 1322 506 furantur,
1349 460 1455 498 alie-

149 526 253 552 num
273 512 500 561 auferuut3
520 513 704 552 verbum
723 518 870 552 autem
885 513 970 553 Dei
992 527 1076 553 non
1100 520 1168 553 est
1187 514 1240 552 ab
1261 515 1325 553 eis
1345 514 1455 553 alie-

150 581 269 617 num,
300 569 375 620 qui
396 568 707 620 obtemperant
726 569 782 616 ei,
808 570 1048 621 potiusque
1070 569 1145 608 ille
1166 569 1275 608 dicit
1291 569 1454 618 aliena,

151 624 227 676 qui
247 636 378 676 quum
398 623 518 662 dicat
533 623 663 672 bene,
683 624 791 662 vivit
809 624 939 662 male.
999 624 1316 677 Quaecumque
1336 625 1453 663 enim

148 679 269 718 bona
286 679 416 727 dicit,
444 679 538 718 eius
559 679 810 731 excogitari
830 679 1036 721 videntur
1052 681 1258 732 ingenim
1291 681 1371 719 sed
1398 680 1452 718 ab

150 735 246 774 eius
265 734 465 774 moribus
484 734 632 773 aliena
651 740 765 773 sunt.
824 735 915 774 Eos
934 736 1085 787 itaque
1105 736 1218 775 dixit
1235 735 1359 774 Deus
1382 734 1452 775 fu-

146 791 239 829 rari
256 791 393 829 verba
412 791 589 842 sua,qui
608 790 716 829 boni
736 789 892 829 volunt
911 790 1068 839 videri,
1088 791 1314 842 loquendo
1335 802 1449 843 quae

146 844 235 885 Dei
265 851 384 894 sunt,
421 859 551 898 quum
586 845 692 884 mali
726 846 815 884 sint
846 845 1054 885 faciendo
1086 859 1197 898 quae
1222 859 1304 885 sua
1333 852 1449 886 sunt.

147 901 241 941 Mc
261 913 367 940 sane
387 901 473 954 ipsi
494 901 649 940 dicunt
672 902 790 940 bona
810 913 922 954 quae
944 902 1118 948 dicunt,
1148 903 1186 941 si
1205 901 1449 954 diligenter

147 956 379 996 adtendas.
441 956 676 1004 Quomodo
706 957 819 995 enim
850 957 1002 996 dicunt
1024 957 1193 1005 verbis,
1230 958 1349 1009 quod
1375 969 1448 996 ne-

146 1017 254 1065 gant
282 1012 440 1051 factis?
471 1010 568 1050 Non
598 1012 714 1049 euim
738 1010 906 1051 frustra
921 1013 974 1052 de
993 1013 1157 1052 talibus
1186 1013 1248 1052 ait
1269 1018 1447 1064 aposto-

143 1068 213 1107 lus
231 1069 292 1113 2):
327 1066 601 1120 Cmefilenmr
631 1079 672 1105 se
708 1080 828 1105 nosse
854 1066 1016 1115 Deum,
1044 1067 1186 1123 factis
1210 1076 1352 1107 autem
1378 1082 1446 1107 ne-

140 1131 264 1176 gant.
325 1123 463 1162 Modo
485 1135 592 1173 crgo
615 1122 806 1174 quodam
828 1124 911 1175 ipsi
930 1124 1098 1172 dicunt,
1121 1131 1165 1163 et
1182 1137 1335 1163 rursus
1355 1123 1444 1162 alio

143 1178 277 1218 modo
299 1192 386 1217 non
405 1179 489 1230 ipsi
511 1178 682 1226 dicunt,
708 1180 916 1229 quoniam
936 1186 1171 1232 utrumque
1191 1192 1341 1218 verum
1362 1184 1444 1226 cst,

144 1234 264 1286 quod
296 1236 462 1273 veritas
497 1233 571 1272 ait.
631 1233 700 1271 De
734 1234 899 1274 talibus
926 1235 1040 1273 enim
1075 1235 1286 1287 loquens:
1326 1233 1447 1283 Quae

143 1289 308 1337 dicunt,
334 1289 531 1341 inquit2)
547 1319 556 1336 ‚
573 1288 746 1342 faciem
780 1303 887 1341 qnae
910 1297 1051 1329 autem
1067 1289 1268 1344 faciunt,
1287 1289 1446 1343 facere

141 1345 273 1384 nolite
288 1358 303 1389 ‚·
334 1343 420 1384 hoc
440 1350 527 1383 est:
561 1345 680 1396 quod
700 1356 755 1383 ex
775 1357 850 1383 ore
870 1345 1049 1385 illorum
1071 1346 1257 1394 auditis,
1285 1345 1443 1393 facite3

143 1401 262 1453 quod
280 1401 324 1439 in
344 1413 479 1452 opere
499 1400 676 1449 videtis,
699 1399 849 1439 facere
869 1402 1029 1450 nolite3
1063 1401 1212 1440 dicant
1229 1400 1353 1448 enim,
1380 1400 1444 1438 in-

142 1457 260 1508 quit,
289 1462 331 1495 et
348 1454 634 1509 nonsaciectzt.
696 1456 816 1507 Ergo
840 1456 1038 1507 quamvis
1059 1469 1145 1495 non
1166 1456 1353 1503 faciant,
1380 1455 1444 1494 di-

142 1518 247 1551 cunt
263 1517 424 1550 tamen.
470 1510 558 1550 Sed
580 1511 667 1549 alio
688 1512 790 1550 loco
811 1511 924 1550 tales
943 1524 1154 1565 arguens:
1176 1510 1440 1565 hypocritae,

139 1567 351 1620 inquit4),
367 1567 574 1619 quomodo
587 1566 768 1618 potestis
788 1566 899 1606 bona
917 1567 1046 1619 loqui,
1060 1580 1187 1619 quam
1205 1566 1297 1606 sitis
1315 1564 1444 1604 mali?

140 1624 203 1662 Ac
230 1635 309 1675 per
332 1622 417 1662 hoc
443 1627 487 1660 et
514 1634 566 1661 ea
584 1634 696 1674 quae
718 1622 888 1671 dicunt,
926 1623 1101 1675 quando
1129 1623 1248 1662 bona
1271 1621 1440 1669 dicunt,

139 1691 230 1718 non
255 1680 341 1730 ipsi
368 1678 538 1725 dicunt,
575 1678 807 1719 voluntate
835 1678 1011 1718 scilicet
1042 1685 1175 1730 atque
1207 1689 1343 1729 opere
1367 1688 1442 1715 ne-

139 1735 286 1787 gando
308 1733 427 1786 quod
445 1733 610 1772 dicunt.
671 1733 796 1772 Unde
818 1734 1054 1786 contingit,
1081 1740 1129 1772 ut
1149 1733 1280 1771 homo
1300 1732 1441 1771 diser-

137 1796 210 1829 tus
231 1795 275 1828 ct
292 1789 432 1828 malus
453 1800 725 1837 sermonem,
753 1801 839 1840 quo
860 1789 1028 1828 veritas
1049 1789 1348 1841 praedicetur,
1377 1787 1439 1826 di-

139 1845 328 1885 cendum
348 1844 400 1883 ab
420 1843 510 1882 alio
528 1856 615 1882 non
626 1844 1158 1896 dise1·to,sedbono,ipse
1179 1850 1438 1895 componat3

139 1901 258 1953 quod
278 1913 410 1953 quum
428 1899 498 1948 fit,
526 1900 622 1950 ipse
643 1912 669 1938 a
686 1911 734 1938 se
753 1900 851 1952 ipso
870 1900 1009 1939 tradit
1028 1900 1219 1938 alienum
1234 1929 1244 1947 ,
1278 1898 1355 1937 ille
1383 1897 1436 1936 ab

138 1957 285 1996 alieno
315 1955 478 2007 accipit
502 1968 641 1993 suum.
704 1954 847 2002 Quum
871 1967 978 1994 vero
1004 1955 1111 1994 boni
1130 1954 1287 1994 fideles
1305 1953 1436 1992 bonis

137 2010 345 2051 fidelibus
375 2010 487 2049 hanc
512 2022 693 2062 operam
717 2011 1021 2060 commodant,
1055 2010 1232 2062 utrique
1265 2021 1345 2049 sua
1373 2008 1435 2047 di-

161 2142 218 2208 ς,1)
240 2140 295 2218 ξε.
314 2139 385 2173 Ier.
410 2143 469 2179 23,
494 2144 547 2175 3ο.
594 2140 631 2183 2)
652 2141 731 2174 Tit.
758 2145 794 2180 1,
818 2144 868 2175 16.
917 2144 954 2184 3)
974 2142 1062 2174 Mat.
1080 2144 1139 2180 23,
1156 2144 1189 2174 3.
1239 2140 1279 2182 4)
1303 2138 1433 2172 matth.

139 2191 198 2224 1-,
219 2192 237 2220 3
267 2211 274 2218 .
