1503 2465
251 137 333 177 DE
363 135 665 176 DOCTRINA
699 137 930 178 CHRIST.
990 137 1104 180 Llss.
1137 139 1211 181 IV.
1314 142 1392 182 129

82 223 244 271 cuitus,
268 222 404 260 tertio
425 221 648 259 finiantur.
710 221 799 260 lam
825 234 932 261 vero
955 224 1074 275 quod
1094 222 1163 264 his
1185 226 1391 265 omnibus

82 279 310 318 adiicitur:
331 283 373 316 et
389 275 792 328 uilzilpatiebcmtur
805 290 932 329 super
946 279 1209 320 contritione
1221 280 1391 334 Ioseph,

82 334 176 373 sive
197 332 489 372 continuatim
511 332 699 380 dicatur,
722 340 768 371 ut
785 346 919 372 unum
939 334 997 373 sit
1017 336 1278 385 membrum,
1298 339 1393 377 sive

83 390 316 429 decentius
345 387 664 440 suspendatur:
703 388 1184 440 etnihilpatiebantur,
1221 399 1266 431 et
1291 398 1395 445 post

85 444 197 484 hanc
227 443 565 483 distinctionem
598 442 843 482 inferatur:
875 456 1003 497 super
1036 447 1298 487 contritione
1323 447 1391 487 Io-

80 499 198 552 seph,
219 504 352 552 atque
372 499 430 538 sit
450 498 711 538 bimembris
733 499 963 549 circuitus,
983 502 1096 541 miro
1119 503 1282 542 decore
1303 517 1393 543 non

82 556 250 596 dictum
278 562 369 594 est:
403 553 515 593 nihil
539 555 827 607 patiebantur
852 568 988 608 super
1013 559 1285 597 contritione
1305 558 1392 598 fra-

76 612 182 660 tris,
208 611 287 650 sed
306 611 480 664 positus
501 617 569 649 est
588 623 666 663 pro
687 609 827 650 fratre
846 610 1023 665 Ioseph,
1055 620 1103 653 ut
1122 615 1391 668 quicumque

79 667 227 707 frater.
249 666 432 718 proprio
461 666 797 718 significaretur
823 669 917 706 eius
945 671 1144 718 nomine,
1182 670 1308 709 cuius
1337 683 1393 710 ex

81 722 297 762 fratribus
317 722 435 761 fama
455 722 687 774 praeclara
707 730 794 770 est,
829 723 902 761 vel
918 725 963 762 in
989 725 1119 764 malis
1146 738 1260 778 quae
1286 739 1392 779 pen-

82 779 161 826 dit,
181 778 252 816 vel
270 778 313 816 in
332 779 463 817 bonis
483 790 596 829 quae
617 779 836 831 rependit.
869 778 959 819 Iste
981 787 1103 820 certe
1122 786 1294 834 tropus,
1315 782 1390 821 ubi

81 832 243 886 loseph
272 846 593 885 quemcumque
622 832 807 873 fratrem
840 833 951 874 facit
979 837 1195 890 intelligi,
1235 838 1392 878 nescio

80 898 226 930 utrum
251 890 348 938 illa,
378 902 509 942 quam
534 889 771 929 didicimus
799 896 843 930 et
861 891 1110 940 docuimus,
1130 898 1225 932 arte
1243 894 1393 932 trada-

79 954 167 985 tur.
229 945 371 993 Quam
391 945 450 984 sit
469 950 616 984 tamen
635 944 836 998 pulcher,
862 952 906 986 et
925 949 1297 1000 quemadmodum
1318 950 1392 988 ad-

82 1001 205 1041 ficiat
224 1001 428 1053 legentes
447 1006 580 1053 atque
600 1002 909 1054 intelligentes
924 1034 933 1052 ,
962 1016 1049 1042 non
1072 1018 1183 1056 opus
1213 1015 1281 1044 est
1302 1006 1392 1044 cui-

82 1070 211 1111 quam
234 1057 337 1105 dici,
359 1057 396 1095 si
414 1057 509 1108 ipse.
530 1069 615 1095 non
636 1058 787 1097 sentit.
835 1058 891 1097 Et
910 1059 1038 1111 plura
1057 1060 1251 1112 quidem,
1277 1074 1390 1114 quae

78 1113 307 1167 pertinent
327 1112 378 1151 ad
399 1119 638 1165 praecepta
656 1113 960 1166 eloquentiae,
982 1116 1025 1153 in
1048 1115 1132 1155 hoc
1151 1118 1249 1169 ipso
1270 1117 1389 1164 loco,

81 1181 212 1222 quem
231 1176 316 1221 pro
333 1168 538 1220 exemplo
558 1169 804 1221 posuimus,
825 1178 1015 1222 possunt
1034 1173 1237 1224 reperiri.
1301 1173 1391 1212 Sed

77 1224 242 1264 bonum
264 1224 513 1263 auditorem
534 1238 619 1263 non
640 1230 752 1273 tam,
782 1226 817 1263 si
840 1226 1085 1279 diligenter
1104 1228 1388 1275 discutiatur,

76 1281 282 1327 instruit,
319 1292 471 1332 quam,
505 1280 539 1319 si
561 1280 772 1319 ardenter
792 1283 1129 1332 pronuntietur,
1167 1284 1386 1324 accendit.

77 1335 235 1388 Neque
256 1336 370 1374 enim
392 1334 502 1374 haec
531 1334 722 1374 humana
744 1337 968 1376 industria
995 1339 1268 1391 composita,
1307 1340 1387 1378 sed

78 1393 235 1433 divina
267 1396 415 1430 mente
445 1398 548 1430 sunt
580 1391 682 1430 fusa
707 1398 752 1431 et
776 1393 1007 1446 sapienter
1034 1400 1078 1432 et
1104 1395 1385 1447 eloquenter,

75 1461 163 1487 non
182 1448 355 1486 intenta
373 1447 417 1485 in
437 1447 740 1499 eloquentiam
760 1449 996 1500 sapientia,
1020 1450 1097 1489 sed
1118 1462 1143 1488 a
1163 1450 1387 1503 sapientia.

75 1516 165 1542 non
195 1503 436 1542 recedente
467 1502 743 1555 eloquentia.
805 1503 848 1543 si
879 1506 1019 1553 enim,
1054 1506 1172 1545 sieut
1205 1506 1383 1558 quidam

76 1559 363 1598 disertissimi
398 1563 531 1610 atque
566 1559 814 1598 acutissimi
846 1560 929 1599 riri
966 1561 1120 1599 videre.
1151 1574 1202 1600 ac
1231 1562 1382 1600 dicere

74 1621 332 1667 potuerunt,
354 1626 407 1653 ea
427 1626 538 1666 quae
560 1615 682 1653 velut
702 1616 903 1655 oratoria
926 1624 1020 1655 arte
1042 1616 1274 1656 discuntur
1294 1631 1383 1657 non

78 1670 428 1709 observarentur
452 1675 496 1708 et
520 1675 805 1719 notarentur,
842 1678 886 1710 et
922 1673 964 1711 in
999 1671 1111 1712 hanc
1134 1673 1383 1711 doctrinam

76 1739 164 1764 non
190 1725 528 1778 redigerentur,
555 1726 637 1764 nisi
665 1726 787 1777 prius
815 1728 855 1766 in
881 1735 1109 1767 oratorum
1132 1729 1383 1768 imcnircu-

76 1787 148 1820 tur
174 1781 390 1833 ingeniis3
426 1781 530 1833 quid
556 1783 737 1829 mirum,
770 1784 805 1822 si
833 1789 877 1822 et
896 1784 940 1822 in
961 1784 1058 1822 istis
1078 1784 1384 1831 inveniuntur,

77 1849 188 1889 quos
208 1837 283 1876 ille
303 1837 438 1885 misit,
460 1839 532 1889 qui
554 1836 663 1875 facit
681 1838 888 1890 ingenia?
925 1839 1211 1891 Quapropter
1230 1847 1273 1878 et
1293 1840 1384 1878 elo-

77 1898 264 1944 quentes
284 1892 477 1944 quidem,
497 1906 583 1931 non
603 1893 747 1932 solum
769 1895 1014 1946 sapientes,
1046 1896 1288 1935 canonicos
1309 1909 1385 1933 no-

76 1956 194 1987 stros
225 1954 433 1987 auctores
463 1947 763 2000 doctoresque
797 1949 1022 1989 fateamur
1054 1951 1134 1989 tali
1169 1951 1381 2003 eloquen-

71 2005 205 2053 tia¹),
232 2003 375 2056 qualis
394 2004 599 2054 personis
621 2004 840 2044 eiusmodi
861 2007 1157 2058 congruebat.

130 2058 176 2097 C.
196 2058 311 2098 Vlll.
373 2058 460 2099 Sed
480 2072 561 2097 nos
581 2060 666 2098 etsi
687 2059 740 2099 dc
767 2062 911 2100 literis
942 2074 1118 2109 eorum,
1145 2073 1257 2114 quae
1284 2063 1379 2100 sino

73 2114 339 2154 difficultate
365 2115 698 2167 intelliguntur,
740 2117 955 2157 nonnulla.
990 2119 1204 2157 sumimus
1230 2117 1380 2157 elocu-

120 2235 153 2274 l)
170 2233 299 2271 ‚.lssad.‚
318 2234 409 2273 Ant,
429 2237 490 2269 Er.
510 2242 546 2269 et
564 2239 581 2269 7
601 2239 707 2270 mss:
729 2238 798 2271 tali
814 2238 1022 2285 eloquentia
1040 2243 1162 2272 115(›s.“
1187 2238 1276 2271 Ben-

128 2290 333 2329 AUGUST.
354 2288 534 2332 DOCTR.
558 2292 754 2332 CHRIST.
1094 2291 1111 2330 l
