1503 2465
527 86 928 127 1³R.³.EF.i'l·i().
1318 102 1388 129 ΠΙ

79 175 242 221 multis
274 174 380 218 aliis
409 173 737 232 superadditis.
824 174 912 219 His
948 174 1168 219 subsidiis
1204 174 1390 220 adiutus

77 246 277 306 primum
312 252 495 286 textum
528 258 586 286 ex
620 245 898 287 recensione
923 242 1165 288 Benedict.
1198 259 1391 289 accura-

78 315 259 358 tissime
287 311 643 355 describendum
668 314 844 355 curavi.
906 310 1088 356 Deinde
1115 312 1391 373 diligentem

81 384 181 427 eius
208 396 316 425 cum
341 380 546 424 aliorum
571 380 876 436 editionibus,
901 382 1114 440 inprimis
1140 380 1254 425 Des.
1272 381 1392 426 Era-

79 452 167 496 smi
191 458 236 493 et
260 449 343 493 Ge.
374 447 548 492 Calixti
572 450 873 493 collationem
898 451 1104 506 institui,
1131 451 1196 494 ita
1217 458 1390 507 tamen,

78 529 132 564 ut
161 533 256 563 non
280 516 549 562 recederem
575 533 600 560 a
625 516 891 575 Benedict.‚
926 520 1019 562 nisi
1050 519 1129 563 ubi
1163 520 1251 578 ipsi
1277 519 1391 562 reli-

79 594 283 648 querunt
326 585 537 630 codicum
582 588 855 631 collatorum
903 589 1261 643 auctoritatem,
1309 597 1394 632 aut

79 671 246 700 sensus
271 656 520 717 integritas
546 670 793 715 nexusque
818 657 1160 700 sententiarum
1194 657 1394 715 scriptu-

76 741 156 769 rae
203 726 507 768 mutationem
554 733 878 784 poposcerunt.
962 726 1114 778 Quum
1160 740 1271 769 vero
1318 740 1395 769 re-

79 794 224 849 cessi,
261 794 310 836 in
337 794 549 855 margine
581 792 824 849 inferiori,
865 795 938 837 cui
971 795 1216 855 graviores
1241 793 1392 837 Bene-

79 861 186 906 dict.
212 863 503 921 aliorumque
529 863 755 906 lectiones
781 861 1037 922 adscripsi,
1073 864 1281 907 varietas
1306 878 1392 907 no-

78 939 175 974 tata
200 939 288 986 est,
315 939 368 974 ut
390 931 589 989 quisque
614 932 714 990 ipse
742 932 957 975 criticum
983 931 1208 975 iudicium
1230 939 1393 991 posset

78 1001 234 1044 facere
325 996 544 1058 Denique
577 1001 626 1042 in
661 1001 777 1044 locis
810 999 960 1043 dubiis
995 1001 1175 1044 contuli
1203 1009 1297 1044 tres
1322 1001 1392 1044 bi-

76 1067 339 1113 bliothecae
370 1069 694 1112 univcrsitatis
724 1068 843 1128 Lips.
868 1069 1010 1112 libros
1035 1069 1161 1124 Mss.‚
1194 1084 1392 1128 quorum

77 1153 116 1181 a.
133 1139 308 1196 primus
323 1138 456 1180 catal.
471 1152 594 1180 num.
611 1136 722 1182 258.
740 1138 1221 1199 signatus‚fu·(ct7·a71c
1236 1153 1390 1200 prae-

79 1208 350 1252 (lieutormn
378 1206 425 1248 in
449 1204 626 1267 Lypzk,
654 1206 810 1250 decem
835 1206 1036 1269 August.
1062 1207 1209 1250 libros
1235 1208 1390 1250 conti-

79 1290 198 1319 nens
234 1276 474 1335 eleganter
504 1276 728 1334 scriptus⁹
776 1275 1158 1320 membranaceus
1205 1283 1251 1319 et
1286 1275 1388 1322 folf.

75 1344 117 1388 b.
146 1345 264 1386 alter
289 1358 413 1385 num.
437 1341 548 1387 259.
576 1344 689 1387 locis
714 1343 990 1404 quibusdam
1016 1345 1210 1389 mutilus
1243 1343 1390 1387 idem—

77 1428 165 1472 que
196 1412 450 1455 membran.
487 1420 533 1455 et
556 1411 659 1471 sol.;
699 1430 736 1456 c.
770 1415 936 1456 tertius
963 1429 1091 1457 num.
1113 1415 1228 1457 260.
1256 1426 1390 1456 nota-

76 1482 138 1525 tis
174 1479 447 1540 quibusdam
478 1483 625 1524 variis
675 1481 956 1525 lectionibus
996 1482 1388 1526 interlinearibus

76 1549 391 1595 membranae.
424 1557 470 1593 et
501 1550 652 1594 forma
676 1552 748 1604 4..
795 1550 850 1594 ad
884 1566 1000 1610 quos
1031 1566 1389 1609 nonnumquam

75 1619 343 1678 provocavi.
419 1618 595 1662 Omnes
630 1620 720 1662 loci
757 1636 779 1662 e
815 1620 1124 1677 scriptoribus
1162 1621 1309 1663 sacris
1343 1629 1389 1664 ct

74 1687 303 1748 profanis,
337 1689 415 1746 qui
444 1687 499 1730 ab
522 1687 794 1750 Augustino
822 1688 1074 1733 laudantur
1099 1697 1180 1732 aut
1205 1688 1389 1732 faciunt

74 1755 131 1800 ad
155 1758 306 1814 ipsum
335 1757 499 1799 melius
526 1756 913 1818 intelligendum,
948 1759 996 1801 in
1023 1759 1145 1801 notis
1170 1765 1284 1800 sunt
1307 1756 1388 1800 ad-

75 1826 172 1868 lati.
245 1823 387 1868 Dicta
419 1826 616 1868 classica
645 1827 771 1885 typis
812 1828 888 1885 qui
923 1825 1146 1870 (licuntur
1180 1824 1386 1870 diductis

76 1893 379 1953 exprimenda
407 1895 593 1949 curavi,
631 1896 888 1954 scripturae
915 1910 1075 1938 sacrae
1099 1894 1243 1938 verba
1268 1894 1387 1938 obli-

73 1966 200 2023 quis7
243 1963 408 2023 quibus
454 1962 638 2006 additus
683 1972 755 2007 est
786 1972 946 2008 textus
980 1964 1259 2026 originalis,
1307 1964 1388 2007 ubi

73 2034 275 2091 scriptor
300 2033 490 2093 linguae
514 2030 776 2075 Hebraicae
805 2035 1018 2092 ignarus,
1052 2033 1263 2076 Graecae
1289 2047 1385 2076 non

72 2101 188 2146 satis
221 2102 424 2160 peritus,
460 2115 519 2143 ex
550 2101 945 2160 interpretatione
977 2103 1169 2162 antiqua
1197 2101 1383 2155 Latina,

77 2186 213 2230 quam
249 2172 347 2229 ipse
382 2171 407 2212 l.
438 2167 488 2211 ll.
523 2185 560 2212 c.
603 2170 673 2214 15.
747 2169 913 2214 [talam
943 2181 1107 2226 vocat,
1157 2171 1212 2215 ‹le
1233 2172 1383 2215 ssebus
