1503 2465
281 112 678 157 ENcfflRimoN
707 115 784 156 Ao
815 105 1107 156 LAURENT.
1273 116 1350 156 175

0 232 1 235 ,
38 197 96 238 Et
119 203 266 237 tamen
292 198 513 238 Dominus
541 200 680 250 ait²):
715 199 858 239 Malus
889 199 1015 239 homo
1045 200 1095 239 de
1119 200 1231 238 malo
1261 198 1350 239 tlte-

36 267 166 293 εαιινο
188 254 328 293 cordis
348 255 601 310 snz'prosert
618 257 745 295 mala.
809 255 926 303 Quid
948 260 1017 295 est
1035 261 1182 294 autem
1204 255 1348 295 malus

38 307 187 358 homo,
203 310 285 348 nisi
308 311 423 349 mala
443 318 615 361 natura,
631 312 734 365 quia
753 310 887 350 homo
911 317 1069 350 natura
1089 311 1182 350 est?
1202 310 1344 350 Porro

38 365 74 404 si
97 363 228 403 homo
249 365 433 418 aliquod
450 366 614 406 bonum
636 374 720 416 est,
743 368 848 420 quia
866 372 1025 406 natura
1045 373 1126 414 est,
1153 366 1258 419 quid
1279 374 1348 405 est

36 420 180 459 malus
210 419 364 468 honio,
391 422 477 461 nisi
503 423 668 462 malum
690 422 880 462 bonum?
914 424 1082 461 'l'amen
1104 435 1236 474 quum
1258 422 1346 460 duo

36 476 125 514 ista
151 477 469 525 discernimus,
504 478 755 518 invenimus
783 491 865 518 nec
889 478 991 517 ideo
1020 478 1204 525 malum,
1243 478 1349 530 quia.

37 529 171 569 homo
207 538 293 580 est,
328 545 410 572 nec
438 533 541 572 ideo
574 535 758 584 bonum,
797 535 902 587 quia
934 535 1114 586 iniquus
1144 539 1231 583 est;
1267 532 1348 572 sed

36 586 223 635 bonum,
252 588 356 641 quia
375 587 528 638 homo,
556 591 741 639 malum,
767 591 870 642 quia
890 590 1083 641 iniquus.
1131 588 1347 641 Quisquis

36 641 177 694 igitur
196 643 322 688 dicit:
357 644 524 684 Malum
554 652 623 686 est
648 645 873 685 hominem
895 657 1014 691 esse,
1042 650 1137 683 aut:
1171 644 1348 683 Bonum

37 704 107 737 est
138 699 336 750 iniquum
365 712 485 750 esse,
526 701 621 754 ipse
641 702 862 741 inciditin
890 699 1196 754 propheticam
1220 699 1347 738 illam

36 756 325 793 sententiam:
371 752 458 795 Vae
477 755 534 796 eis
556 757 629 810 qni
652 757 821 807 dicunt,
850 757 964 810 qnod
988 756 1143 796 bonnm
1170 762 1233 794 est
1255 767 1344 794 ma-

35 809 140 858 lam,
174 816 217 849 et
235 810 349 862 qnod
364 813 520 851 malum
540 820 601 852 est
619 813 789 852 bonnm.
852 813 974 865 Opus
1001 814 1118 852 cnim
1139 811 1224 850 Dei
1253 810 1344 850 cul-

35 870 126 918 pat,
156 866 275 917 quod
295 872 363 906 cst
382 866 536 917 homo,
567 874 612 908 et
630 869 785 908 vitium
804 866 998 907 hominis
1020 868 1191 916 laudat,
1223 866 1345 919 quod

37 926 107 960 est
124 921 353 974 iniquitas.
417 924 571 963 Omnis
590 925 742 978 itaque
762 929 936 971 natura,
966 924 1100 962 etiam
1121 925 1157 962 si
1177 923 1345 962 vitiosa

37 982 120 1025 est,
145 977 189 1015 in
210 984 420 1030 quantum
439 985 598 1020 natura
616 986 700 1030 est,
728 980 850 1020 bona
868 985 960 1029 cst,
984 980 1029 1019 in
1050 983 1263 1032 quantum
1282 979 1342 1018 vi-

33 1033 155 1072 tiosa
170 1039 259 1078 est,
285 1035 401 1073 mala
420 1041 501 1074 est.

92 1087 138 1126 C.
159 1088 276 1128 XIV.
340 1090 625 1143 Quapropter
641 1094 687 1132 in
707 1093 772 1132 eis
794 1091 1054 1140 contrariis,
1081 1102 1194 1143 quae
1225 1090 1344 1130 mula

36 1148 81 1182 et
102 1143 222 1183 bona
244 1152 480 1194 vocantur,
516 1148 595 1186 illa
619 1148 960 1187 dialecticorum
990 1148 1148 1200 regula
1172 1146 1342 1196 deficit,

35 1211 123 1251 qua
156 1200 330 1240 dicunt:
369 1201 489 1241 Nulli
526 1204 591 1243 rei
625 1204 713 1243 duo
745 1203 879 1244 simul
914 1204 1062 1242 inesse
1097 1203 1338 1242 contraria.

34 1255 194 1295 Nullus
221 1257 337 1296 enim
362 1260 438 1296 aer
462 1259 593 1298 simul
616 1265 686 1299 est
715 1265 760 1299 et
781 1259 1050 1299 tenebrosus
1076 1263 1121 1297 et
1139 1257 1340 1307 lucidus3

34 1311 182 1349 nullus
218 1312 343 1352 cibus
377 1319 453 1352 aut
485 1320 616 1367 potus
650 1315 783 1355 simul
807 1315 949 1355 dulcis
974 1318 1044 1352 est
1068 1319 1113 1353 et
1140 1326 1340 1363 amarus3

33 1366 205 1406 nullum
230 1380 391 1420 corpus
418 1370 549 1410 simul
576 1371 649 1410 ubi
671 1371 841 1419 album,
871 1370 933 1409 ibi
955 1374 998 1409 et
1018 1369 1213 1422 nigrum,
1245 1368 1343 1408 nul-

32 1420 123 1461 lum
150 1424 281 1462 simul
301 1425 375 1463 ubi
396 1424 617 1475 deforme,
647 1427 709 1465 ibi
729 1432 774 1466 et
791 1425 1053 1465 formosum.
1113 1425 1171 1463 Et
1189 1423 1341 1464 hocin

31 1478 186 1518 multis
214 1491 265 1518 ac
294 1493 434 1531 paene
460 1482 500 1520 in
529 1483 734 1521 omnibus
757 1483 994 1521 contrariis
1016 1480 1256 1534 reperitur,
1292 1485 1342 1519 ut

33 1532 78 1571 in
96 1547 249 1574 unare
269 1536 400 1575 simul
420 1549 622 1576 essenon
643 1538 832 1591 possint.
889 1537 1033 1585 Quum
1054 1542 1201 1576 autem
1221 1535 1342 1575 bona

35 1596 81 1627 et
97 1590 214 1629 mala
234 1592 378 1631 nullus
399 1593 595 1643 ambigat
613 1606 712 1633 esse
734 1593 983 1641 contraria,
1013 1605 1099 1631 non
1119 1591 1263 1631 solum
1282 1592 1340 1631 si-

32 1645 124 1683 mul
143 1658 243 1684 esse
263 1654 463 1699 possunt,
491 1650 569 1688 sed
590 1650 722 1689 etiam
741 1649 859 1688 mala
877 1649 1056 1687 omnino
1077 1647 1173 1687 sine
1191 1647 1338 1695 bonis,

33 1705 79 1739 et
98 1702 183 1740 nisi
200 1702 243 1741 in
263 1704 393 1742 bonis
413 1716 618 1743 essenon
637 1710 846 1757 possunt,
882 1705 1080 1756 quamvis
1104 1703 1222 1742 bona
1242 1703 1339 1742 sine

31 1756 163 1796 mulis
191 1770 291 1796 esse
320 1760 507 1811 possint.
570 1760 729 1800 Potest
756 1762 873 1799 enim
900 1759 1032 1799 homo
1058 1759 1130 1798 vel
1149 1758 1337 1811 angelus

31 1824 121 1850 non
143 1824 242 1852 esse
260 1815 470 1864 iniustus3
495 1816 683 1855 iniustus
704 1825 951 1855 autemnon
969 1820 1120 1867 potest
1136 1826 1235 1853 esse
1251 1814 1339 1858 nisi

33 1864 168 1907 homo
191 1870 258 1908 vel
278 1871 484 1923 angelus:
525 1878 569 1910 et
589 1872 772 1919 bonum,
812 1871 929 1923 quod
961 1870 1119 1917 honio,
1154 1870 1335 1916 bonum,

34 1924 153 1975 quod
178 1926 387 1977 angelus,
421 1927 602 1975 inuium,
633 1928 750 1980 quod
776 1928 982 1967 iniustus.
1043 1926 1101 1965 Et
1119 1924 1230 1964 haec
1248 1924 1337 1963 duo

35 1981 264 2021 contraria
287 1983 348 2020 itu
375 1982 506 2020 simul
532 1989 654 2031 sunt,
691 1990 738 2022 ut
762 1982 981 2021 sibonum
1003 1994 1089 2020 non
1111 1986 1255 2028 esset,
1292 1979 1339 2019 in

34 2046 122 2086 quo
145 2034 350 2089 [muium]
374 2043 515 2084 essct,
551 2051 734 2090 prorsus
754 2050 836 2077 ncc
853 2038 1018 2076 malum
1043 2049 1144 2076 csse
1169 2035 1338 2088 potuis-

35 2096 123 2139 ερὲς
157 2091 260 2144 quia
288 2107 376 2131 non
396 2093 529 2133 inodo
552 2094 624 2134 ubi
645 2095 938 2143 consisteret,
966 2092 1047 2132 sed
1063 2092 1180 2133 unde
1201 2093 1340 2131 orire-

86 2216 117 2255 1)
140 2213 223 2246 Luc.
243 2216 274 2252 6,
294 2216 347 2246 45.
400 2214 530 2248 Manli.
556 2218 602 2254 12,
622 2219 677 2249 35.
