1503 2465
154 154 206 193 80
519 153 752 194 AURELH
782 153 1102 194 AUGUSTI-Nl

154 238 283 277 nibus
301 237 508 285 diximus,
526 237 681 276 eadem
699 237 981 276 observanda
997 244 1100 277 sunt
1114 244 1157 277 et
1176 239 1219 277 in
1238 239 1460 292 ambiguis

153 293 609 345 pronuntiationibus.
658 291 770 332 Nam
789 298 833 331 et
849 294 989 345 ipsae,
1009 295 1095 333 nisi
1121 294 1306 334 lectoris
1327 296 1461 335 nimia

153 349 368 387 vitientur
393 349 588 397 incuria,
623 354 699 387 aut
722 348 893 401 regulis
920 348 1023 387 fidei
1042 349 1349 402 corriguntur,
1385 360 1461 391 aut

151 403 467 456 praecedentis
501 404 573 443 vel
608 404 927 456 consequentis
963 405 1253 444 contextione
1290 418 1457 446 sermo·

153 460 240 508 nis3
289 466 364 498 aut
389 460 428 498 si
454 467 658 499 neutrum
682 458 840 498 horum
867 458 1106 498 adhibetur
1134 460 1186 499 ad
1213 463 1457 501 correctio-

152 527 273 563 nem,
312 513 454 554 nihilo
475 515 620 554 minus
641 515 801 554 dubiae
830 515 1144 563 remanebunt,
1182 522 1229 554 ut
1254 517 1458 569 quolibet

152 569 287 609 modo
309 569 455 609 lector
483 571 859 622 pronuntiaverit,
896 584 985 610 non
1014 571 1071 609 sit
1093 571 1300 624 inculpa.
1359 572 1455 612 Nisi

155 625 269 664 enim
290 626 400 664 fides
419 632 622 674 revocet,
652 639 738 679 qua
757 626 979 665 credimus
998 625 1140 666 Deum
1162 640 1248 666 non
1269 627 1454 667 adcusa-

153 687 297 720 turum
324 681 539 720 adversus
564 681 736 721 electos
761 695 891 729 suoS‚
925 688 970 721 et
987 681 1211 722 Christum
1240 697 1327 722 non
1352 696 1454 722 con-

155 737 462 776 demnaturum
495 737 665 776 electos
691 750 820 786 sum,
850 742 1002 790 potest
1034 738 1145 777 illud
1172 738 1236 777 sic
1267 751 1456 790 pronun-

153 792 278 831 tiari:
312 791 416 842 Quis
434 792 659 832 adcnsctbit
674 793 873 832 adversus
892 794 1043 832 electos
1062 791 1173 832 Dei?
1197 800 1243 833 ut
1262 792 1375 833 hanc
1394 795 1456 833 in-

154 849 510 900 terrogationem
544 849 668 901 quasi
704 849 942 901 responsio
979 849 1298 902 subsequatur:
1341 848 1457 890 Dens

158 903 230 956 qni
261 902 498 958 iustificam
539 910 582 943 et
606 905 767 944 iterum
803 906 1129 957 interrogetur:
1165 905 1255 957 quis
1288 912 1350 944 est
1388 906 1461 958 qni

156 959 438 998 condemnat?
468 965 511 999 et
530 960 874 1013 respondeatur:
905 959 1100 999 Christus
1121 959 1238 999 Iesus
1257 960 1330 1013 qni
1348 975 1458 1000 neor-

157 1022 253 1053 tnns
277 1022 350 1054 est.
371 1019 408 1065 ¹)
469 1016 598 1063 Quod
625 1016 810 1055 credere
835 1016 939 1068 quia
963 1015 1345 1056 dementissimum
1375 1024 1458 1064 est,

157 1072 219 1109 ita
240 1071 617 1122 pronuntiabitur,
649 1077 693 1110 ut
711 1071 953 1124 praecedat
970 1073 1275 1124 percontatio,
1302 1086 1459 1125 sequa-

157 1132 229 1165 tur
249 1127 559 1179 interrogatio.
620 1127 740 1166 Inter
757 1128 1068 1179 percontati
1086 1140 1229 1166 onem
1250 1134 1394 1167 autem
1418 1135 1462 1167 et

158 1183 652 1234 interrogationem
683 1182 768 1222 hoc
797 1188 974 1223 veteres
993 1184 1216 1223 interesse
1236 1184 1459 1232 dixerunt,

158 1237 277 1290 quod
305 1237 359 1277 ad
386 1240 772 1290 percontationem
798 1239 940 1278 multa
964 1238 1229 1291 responderi
1256 1247 1459 1292 possunt,

158 1293 213 1332 ad
232 1293 635 1346 interrogationem
655 1307 760 1333 vero
782 1300 879 1334 aut:
907 1307 1009 1344 non,
1038 1300 1130 1334 aut:
1158 1297 1306 1335 etiam.
1352 1296 1461 1336 Pro-

157 1349 435 1388 nuntiabitur
455 1362 563 1403 ergo
583 1351 660 1399 ita,
673 1356 721 1390 ut
739 1356 841 1402 post
858 1351 1245 1403 percontationem
1258 1352 1462 1405 quadici-

157 1418 273 1443 mus:
296 1404 390 1457 quis
403 1405 837 1445 adcusabitadversas
852 1407 1003 1446 eleetos
1013 1405 1122 1446 Dei?
1140 1407 1378 1460 illudquod
1392 1419 1458 1447 se-

157 1461 309 1512 quitur
326 1473 438 1500 sono
458 1462 782 1514 interrogantis
803 1463 1078 1502 enuntietur:
1113 1460 1231 1502 Dens
1251 1462 1324 1516 qni
1339 1462 1457 1502 insli-

145 1515 286 1569 ficat?
319 1521 367 1555 ut
389 1517 526 1556 tacite
551 1518 898 1570 respondeatur:
931 1530 1041 1568 non;
1073 1523 1118 1558 et
1142 1519 1248 1558 item
1274 1531 1457 1572 percon-

156 1578 322 1610 temur:
351 1571 442 1623 quis
461 1579 524 1612 est
546 1572 619 1625 qni
635 1573 914 1613 condemnat?
944 1586 1188 1627 rursusque
1208 1576 1457 1625 interroge-

156 1639 271 1666 mus:
304 1625 500 1667 Christus
517 1627 634 1668 Iesus
656 1628 730 1681 qni
744 1635 938 1668 mortuus
957 1630 1047 1669 est?
1064 1629 1204 1683 magis
1224 1637 1364 1670 autem
1386 1628 1459 1682 qui

153 1682 423 1722 resurrexit?
455 1683 529 1736 qni
551 1690 615 1723 est
636 1683 681 1723 in
707 1685 883 1724 dextera
902 1683 1019 1724 Dei?
1053 1684 1126 1737 qni
1149 1692 1192 1724 et
1211 1685 1458 1739 interpellat

147 1751 231 1790 pro
256 1737 408 1777 nobis?
438 1744 486 1778 ut
507 1739 671 1792 ubique
696 1742 832 1780 tacite
859 1740 1203 1792 respondeatur:
1237 1755 1339 1781 non.
1399 1743 1454 1781 At

152 1805 259 1832 vero
285 1794 364 1833 illo
388 1794 432 1834 in
456 1795 558 1834 loco
587 1796 657 1835 ubi
678 1797 813 1845 ait2):
853 1794 969 1845 Quid
986 1810 1090 1850 ergo
1110 1796 1321 1836 dicemus?
1354 1797 1454 1849 qaia

148 1856 312 1901 genteS,
327 1862 434 1901 quae
447 1863 533 1890 non
550 1851 828 1891 sectabantur
839 1851 1064 1900 iustitiam,
1079 1851 1457 1904 adprehenderunt

151 1903 381 1953 iustitiam,
417 1906 504 1945 nisi
529 1912 633 1958 post
655 1910 1045 1959 percontationem
1074 1920 1159 1959 qua
1177 1909 1343 1948 dictum
1364 1915 1451 1948 est:

154 1959 256 2011 qnid
278 1973 382 2013 ergo
407 1961 618 2001 diceneus?
646 1963 883 2015 responsio
909 1963 1196 2003 subiiciatur:
1231 1963 1450 2017 quingen-

152 2021 233 2063 tes,
270 2027 377 2067 qnae
406 2029 489 2055 non
514 2018 793 2057 sectabantur
813 2017 1043 2066 iustitiam,
1078 2017 1455 2070 adprehenderunt

149 2069 383 2119 iustitiam,
404 2078 555 2111 textus
580 2085 862 2126 consequens
892 2088 977 2112 non
999 2072 1273 2113 cohaerebit.
1336 2075 1451 2123 Qua-

149 2126 261 2165 libet
284 2134 431 2166 autem
459 2140 569 2168 voce
595 2131 917 2182 pronuntietur
933 2129 1046 2169 illud
1066 2129 1184 2182 quod
1203 2128 1448 2170 Nathanael

200 2248 231 2289 1)
250 2247 351 2280 Rom.
370 2251 400 2285 8,
422 2250 474 2282 33.
495 2260 521 2281 s.
573 2249 609 2288 2)
628 2248 731 2282 Rom.
752 2252 783 2288 9,
801 2254 854 2284 30.
