1503 2465
92 92 117 132 8
458 89 694 129 AURELII
723 89 1045 131 AUGUSTINI

90 178 137 216 in
162 177 295 216 rebus
323 173 698 214 considerandum
723 186 846 223 esse,
877 175 997 227 quod
1017 180 1140 224 sunt,
1167 186 1257 214 non
1283 175 1403 227 quod

92 231 216 272 aliud
235 231 370 270 etiam
387 236 568 282 praeter
587 241 634 268 56
653 230 775 281 111565
794 230 1065 283 significant.

149 288 194 326 C.
216 286 289 326 111.
342 285 427 324 Res
447 297 556 338 ergo
577 285 693 324 aliae
713 290 837 335 sunt,
871 285 1032 338 quibus
1056 284 1294 325 fruendum
1313 292 1398 334 est3

93 343 226 392 aliae,
246 341 406 394 quibus
427 340 660 390 utendum3
690 340 823 390 aliae,
855 353 968 393 quae
987 340 1195 380 fruuntur
1216 346 1259 380 et
1277 347 1401 380 utun-

92 405 179 438 tur.
238 397 362 445 Illae,
385 396 545 450 quibus
564 395 803 436 fruendum
823 402 906 446 est,
935 396 1095 436 beatos
1114 409 1196 436 nos
1215 395 1398 436 faciunt.

90 455 210 501 Istis,
231 452 390 505 quibus
411 452 624 491 utendum
644 457 726 500 est,
744 451 984 492 tendentes
1004 453 1059 492 ad
1076 451 1401 492 beatitudinem

92 510 367 557 adiuvamur,
390 513 435 548 et
453 508 581 560 quasi
599 507 986 555 adminiculamur,
1006 513 1054 547 ut
1073 507 1128 546 ad
1146 508 1263 557 illas,
1289 519 1400 560 quae

91 578 174 605 nos
197 565 357 604 beatos
376 563 547 603 faciunt
560 563 812 616 pervenire,
826 568 959 615 atque
972 562 1038 603 his
1050 561 1288 603 inhaerere
1302 575 1401 616 pos-

92 623 245 661 simus.
292 619 384 659 Nos
407 630 528 667 vero,
558 618 634 671 qui
652 617 842 658 fruimur
861 625 906 658 et
925 621 1103 667 utimur,
1127 619 1243 658 inter
1262 625 1402 658 utras-

92 690 177 730 que
197 675 446 723 constituti,
463 675 502 714 si
520 675 585 713 eis
607 675 766 726 quibus
785 674 998 714 utendum
1017 679 1086 714 est
1102 673 1191 714 frui
1210 674 1402 713 volueri-

90 746 188 772 mus
203 762 212 780 ,
248 731 491 784 impeditur
520 742 677 770 cursus
712 735 887 778 noster,
922 735 967 770 et
999 730 1239 782 aliquando
1267 729 1403 769 etiam

93 787 370 835 deflectitur,
407 791 452 825 ut
476 785 530 824 ab
549 784 618 826 his
643 785 778 826 rebus
798 785 957 838 quibus
976 784 1213 825 fruendum
1238 790 1307 825 est
1327 784 1402 824 ob-

91 845 122 883 ti
132 842 288 882 nendis
308 842 379 881 vel
400 841 701 890 retardemur,
733 841 805 881 vel
823 843 960 881 etiam
978 853 1264 890 revocemur,
1288 839 1403 880 infe-

92 902 262 939 riorum
282 909 435 937 amore
457 897 722 949 praepediti.

148 955 194 994 C.
218 952 290 993 lV.
351 953 476 992 Frui
500 954 618 991 enim
644 957 714 991 est
735 964 888 992 amore
913 952 1050 992 alicui
1076 953 1142 992 rei
1164 950 1402 991 inhaerere

91 1015 275 1064 propter
291 1020 338 1048 se
358 1009 516 1061 ipsam.
575 1008 611 1047 U
625 1008 665 1048 ti
685 1014 850 1057 autem,
880 1009 1001 1062 quod
1018 1010 1063 1048 in
1079 1021 1205 1048 usum
1225 1007 1401 1046 venerit

92 1066 146 1105 ad
168 1065 212 1104 id
231 1064 350 1117 quod
369 1076 489 1103 amas
511 1063 804 1103 obtinendum
820 1063 1009 1113 referre,
1030 1064 1068 1104 si
1083 1069 1230 1102 tamen
1252 1075 1400 1101 aman-

92 1122 193 1161 dum
222 1127 304 1160 est.
364 1118 478 1159 Nam
507 1132 613 1159 usus
632 1119 820 1159 illicitus
840 1119 1035 1161 abusus
1054 1119 1204 1173 potius
1224 1118 1295 1158 vel
1314 1118 1374 1157 ab
1388 1142 1402 1149 -

90 1179 208 1217 usio
245 1175 542 1215 nominandus
577 1181 658 1215 est.
721 1175 961 1223 Quomodo
998 1188 1107 1228 ergo
1137 1176 1176 1214 si
1201 1186 1402 1214 essemus

92 1232 340 1286 peregrini,
371 1231 446 1284 qui
468 1231 601 1270 beate
629 1231 779 1270 vivere
807 1231 958 1270 nisiin
976 1231 1123 1283 patria
1141 1243 1228 1269 non
1247 1242 1402 1282 posse-

90 1302 202 1337 mus,
218 1299 358 1340 eaque
379 1287 749 1339 peregrinatione
768 1287 923 1339 utique
943 1289 1097 1326 miseri
1111 1292 1156 1326 et
1173 1285 1403 1325 miseriam

89 1345 217 1384 finire
238 1343 471 1395 cupientes
489 1342 534 1380 in
553 1343 742 1394 patriam
762 1342 911 1382 redire
931 1342 1171 1390 vellemus,
1203 1353 1314 1394 opus
1335 1353 1401 1380 es-

88 1407 158 1439 set
173 1399 245 1438 vel
258 1397 550 1438 terrestribus
565 1398 635 1437 vel
656 1398 840 1437 marinis
856 1396 1086 1447 vehiculis,
1099 1396 1258 1450 quibus
1275 1402 1400 1436 uten-

89 1456 192 1495 dum
220 1459 363 1504 esset,
396 1458 444 1493 ut
466 1452 521 1492 ad
546 1454 737 1506 patriam
756 1466 844 1506 qua
868 1453 1104 1493 fruendum
1130 1457 1227 1492 erat
1247 1464 1401 1505 perve-

88 1512 183 1550 nire
209 1510 477 1558 valeremus3
514 1508 632 1561 quod
653 1509 691 1548 si
710 1510 1010 1549 amoenitates
1028 1508 1203 1547 itineris
1235 1514 1279 1547 et
1303 1509 1402 1560 ipsa

88 1566 286 1619 gestatio
306 1564 615 1604 vehiculorum
635 1577 716 1603 1105
737 1564 1007 1613 delectaret,
1042 1569 1087 1603 et
1111 1564 1317 1603 conversi
1345 1563 1402 1602 ad

87 1622 326 1661 fruendum
355 1619 437 1669 his,
467 1620 628 1672 quibus
662 1620 725 1659 uti
762 1620 1011 1669 debuimus,
1048 1619 1270 1658 nollemus
1308 1619 1398 1658 cito

88 1678 205 1717 viam
225 1677 372 1724 finire,
402 1681 446 1715 et
463 1687 676 1728 perversa
693 1676 916 1715 suavitate
937 1675 1152 1728 implicati
1181 1675 1399 1713 alienare·

86 1745 187 1773 mur
213 1745 238 1771 a
259 1732 420 1784 patria,
456 1732 582 1770 cuius
616 1732 814 1770 suavitas
839 1730 1013 1770 faceret
1038 1732 1220 1770 beatos:
1261 1731 1325 1769 sic
1356 1730 1400 1768 in

88 1787 220 1828 huius
251 1786 541 1827 mortalitatis
571 1786 661 1825 vita
687 1788 1030 1839 peregrinantes
1055 1799 1081 1824 a
1103 1785 1322 1834 Domino,
1362 1786 1397 1824 51

86 1844 236 1884 redire
256 1844 300 1882 in
320 1843 506 1895 patriam
526 1841 830 1891 volumus,ubi
850 1843 971 1881 beati
989 1853 1087 1881 esse
1103 1842 1326 1894 possimus
1347 1842 1399 1889 ¹),

88 1899 300 1939 utendum
320 1903 389 1937 est
407 1896 492 1936 hoc
511 1896 675 1935 mundo
690 1927 700 1945 ‚
736 1910 822 1936 11011
843 1896 1100 1945 fruendum,
1135 1902 1183 1935 ut
1202 1896 1400 1935 invisibi-

89 1955 151 1995 lia
168 1955 255 1994 Dei
279 1965 360 2006 per
382 1965 436 1992 66
459 1964 571 2004 (11166
596 1951 719 1992 facta
742 1958 845 1992 sunt
867 1953 1101 1992 intellecta
1120 1952 1399 2004 conspician-

88 2017 182 2059 tur,
219 2009 306 2049 hoc
340 2014 430 2057 est,
460 2014 509 2046 ut
543 2007 597 2047 de
634 2008 947 2060 corporalibus
982 2007 1398 2060 temporalibusque

89 2065 222 2105 rebus
244 2071 429 2105 aeterna
447 2069 492 2102 et
510 2064 733 2116 spiritalia
752 2067 993 2117 capiamus.

140 2192 170 2230 l)
192 2187 284 2226 Am„
306 2185 369 2219 Er.
389 2188 426 2218 et
445 2183 540 2218 Cal:
563 2195 770 2229 possmtms.
