<?xml version="1.0" encoding="UTF-8"?>
<!DOCTYPE html PUBLIC "-//W3C//DTD XHTML 1.0 Transitional//EN"
    "http://www.w3.org/TR/xhtml1/DTD/xhtml1-transitional.dtd">
<html xmlns="http://www.w3.org/1999/xhtml" xml:lang="en" lang="en">
 <head>
  <title>
</title>
<meta http-equiv="Content-Type" content="text/html;charset=utf-8" />
  <meta name='ocr-system' content='tesseract 3.04.00' />
  <meta name='ocr-capabilities' content='ocr_page ocr_carea ocr_par ocr_line ocrx_word'/>
</head>
<body>
  <div class='ocr_page' id='page_1' title='image "./dedoctrinachrist00augu_0267.png"; bbox 0 0 1503 2465; ppageno 0'>
   <div class='ocr_carea' id='block_1_1' title="bbox 287 105 1360 148">
    <p class='ocr_par' dir='ltr' id='par_1_1' title="bbox 287 105 1360 148">
     <span class='ocr_line' id='line_1_1' title="bbox 287 105 1360 148; baseline 0.002 -2"><span class='ocrx_word' id='word_1_1' title='bbox 287 105 683 147; x_wconf 74' lang='lat' dir='ltr'>ENCHlRlDION</span> <span class='ocrx_word' id='word_1_2' title='bbox 712 106 790 146; x_wconf 81' lang='lat' dir='ltr'>AD</span> <span class='ocrx_word' id='word_1_3' title='bbox 820 106 1114 148; x_wconf 72' lang='lat' dir='ltr'><strong>LAURENT.</strong></span> <span class='ocrx_word' id='word_1_4' title='bbox 1279 107 1360 148; x_wconf 77' lang='lat'>229</span> 
     </span>
    </p>
   </div>
   <div class='ocr_carea' id='block_1_2' title="bbox 41 189 1362 1915">
    <p class='ocr_par' dir='ltr' id='par_1_2' title="bbox 44 189 1362 1246">
     <span class='ocr_line' id='line_1_2' title="bbox 103 189 1360 244; baseline -0.001 -12"><span class='ocrx_word' id='word_1_5' title='bbox 103 192 150 234; x_wconf 80' lang='lat' dir='ltr'>C.</span> <span class='ocrx_word' id='word_1_6' title='bbox 170 190 438 231; x_wconf 68' lang='lat' dir='ltr'>LXXXVII.</span> <span class='ocrx_word' id='word_1_7' title='bbox 499 189 657 243; x_wconf 65' lang='lat' dir='ltr'>Neque</span> <span class='ocrx_word' id='word_1_8' title='bbox 678 192 793 230; x_wconf 85' lang='lat' dir='ltr'>enim</span> <span class='ocrx_word' id='word_1_9' title='bbox 822 196 868 230; x_wconf 89' lang='lat' dir='ltr'>et</span> <span class='ocrx_word' id='word_1_10' title='bbox 891 197 1111 240; x_wconf 86' lang='lat' dir='ltr'>monstra,</span> <span class='ocrx_word' id='word_1_11' title='bbox 1146 204 1259 244; x_wconf 89' lang='lat' dir='ltr'>quae</span> <span class='ocrx_word' id='word_1_12' title='bbox 1287 205 1360 231; x_wconf 90' lang='lat' dir='ltr'>na-</span> 
     </span>
     <span class='ocr_line' id='line_1_3' title="bbox 46 246 1361 299; baseline -0.002 -10"><span class='ocrx_word' id='word_1_13' title='bbox 46 255 231 290; x_wconf 91' lang='lat' dir='ltr'>scuntur</span> <span class='ocrx_word' id='word_1_14' title='bbox 249 253 293 287; x_wconf 87' lang='lat' dir='ltr'>et</span> <span class='ocrx_word' id='word_1_15' title='bbox 311 249 483 294; x_wconf 74' lang='lat' dir='ltr'>vivunt,</span> <span class='ocrx_word' id='word_1_16' title='bbox 509 246 757 299; x_wconf 71' lang='lat' dir='ltr'><strong>quamlibet</strong></span> <span class='ocrx_word' id='word_1_17' title='bbox 776 247 866 286; x_wconf 88' lang='lat' dir='ltr'>cito</span> <span class='ocrx_word' id='word_1_18' title='bbox 895 249 1166 296; x_wconf 88' lang='lat' dir='ltr'>moriantur,</span> <span class='ocrx_word' id='word_1_19' title='bbox 1190 254 1266 287; x_wconf 88' lang='lat' dir='ltr'>aut</span> <span class='ocrx_word' id='word_1_20' title='bbox 1293 260 1361 286; x_wconf 85' lang='lat' dir='ltr'>re-</span> 
     </span>
     <span class='ocr_line' id='line_1_4' title="bbox 46 300 1361 355; baseline -0.002 -12"><span class='ocrx_word' id='word_1_21' title='bbox 46 309 306 344; x_wconf 85' lang='lat' dir='ltr'>surrectura</span> <span class='ocrx_word' id='word_1_22' title='bbox 324 301 621 355; x_wconf 86' lang='lat' dir='ltr'>negabuntur,</span> <span class='ocrx_word' id='word_1_23' title='bbox 645 307 720 341; x_wconf 84' lang='lat' dir='ltr'>aut</span> <span class='ocrx_word' id='word_1_24' title='bbox 739 302 803 341; x_wconf 84' lang='lat' dir='ltr'>ita</span> <span class='ocrx_word' id='word_1_25' title='bbox 824 300 1026 355; x_wconf 81' lang='lat' dir='ltr'>[vitiata]</span> <span class='ocrx_word' id='word_1_26' title='bbox 1047 310 1361 342; x_wconf 83' lang='lat' dir='ltr'>resurrectura</span> 
     </span>
     <span class='ocr_line' id='line_1_5' title="bbox 47 358 1359 412; baseline -0.002 -13"><span class='ocrx_word' id='word_1_27' title='bbox 47 359 272 400; x_wconf 84' lang='lat' dir='ltr'>credenda</span> <span class='ocrx_word' id='word_1_28' title='bbox 297 363 419 406; x_wconf 85' lang='lat' dir='ltr'>sunt,</span> <span class='ocrx_word' id='word_1_29' title='bbox 445 370 496 396; x_wconf 85' lang='lat' dir='ltr'>ac</span> <span class='ocrx_word' id='word_1_30' title='bbox 525 358 784 409; x_wconf 82' lang='lat' dir='ltr'>non-potius</span> <span class='ocrx_word' id='word_1_31' title='bbox 805 364 1012 398; x_wconf 84' lang='lat' dir='ltr'>correcta</span> <span class='ocrx_word' id='word_1_32' title='bbox 1031 358 1359 412; x_wconf 74' lang='lat' dir='ltr'>emendataque</span> 
     </span>
     <span class='ocr_line' id='line_1_6' title="bbox 45 413 1362 467; baseline -0.001 -13"><span class='ocrx_word' id='word_1_33' title='bbox 45 421 219 454; x_wconf 87' lang='lat' dir='ltr'>natura.</span> <span class='ocrx_word' id='word_1_34' title='bbox 278 413 407 452; x_wconf 84' lang='lat' dir='ltr'><strong>Absit</strong></span> <span class='ocrx_word' id='word_1_35' title='bbox 427 413 559 461; x_wconf 90' lang='lat' dir='ltr'>enim,</span> <span class='ocrx_word' id='word_1_36' title='bbox 579 418 627 452; x_wconf 91' lang='lat' dir='ltr'>ut</span> <span class='ocrx_word' id='word_1_37' title='bbox 644 413 768 452; x_wconf 89' lang='lat' dir='ltr'>illum</span> <span class='ocrx_word' id='word_1_38' title='bbox 788 413 1097 461; x_wconf 83' lang='lat' dir='ltr'>bimembrem,</span> <span class='ocrx_word' id='word_1_39' title='bbox 1126 416 1197 467; x_wconf 91' lang='lat' dir='ltr'>qui</span> <span class='ocrx_word' id='word_1_40' title='bbox 1219 426 1362 466; x_wconf 77' lang='lat' dir='ltr'>nuper</span> 
     </span>
     <span class='ocr_line' id='line_1_7' title="bbox 45 468 1359 521; baseline -0.001 -12"><span class='ocrx_word' id='word_1_41' title='bbox 45 477 176 510; x_wconf 79' lang='lat' dir='ltr'>natus</span> <span class='ocrx_word' id='word_1_42' title='bbox 212 474 281 509; x_wconf 86' lang='lat' dir='ltr'>est</span> <span class='ocrx_word' id='word_1_43' title='bbox 313 469 358 507; x_wconf 88' lang='lat' dir='ltr'>in</span> <span class='ocrx_word' id='word_1_44' title='bbox 386 468 585 517; x_wconf 85' lang='lat' dir='ltr'>oriente,</span> <span class='ocrx_word' id='word_1_45' title='bbox 624 468 677 507; x_wconf 85' lang='lat' dir='ltr'>de</span> <span class='ocrx_word' id='word_1_46' title='bbox 704 481 791 521; x_wconf 89' lang='lat' dir='ltr'>quo</span> <span class='ocrx_word' id='word_1_47' title='bbox 827 475 872 508; x_wconf 84' lang='lat' dir='ltr'>et</span> <span class='ocrx_word' id='word_1_48' title='bbox 897 469 1061 510; x_wconf 86' lang='lat' dir='ltr'>fratres</span> <span class='ocrx_word' id='word_1_49' title='bbox 1089 470 1359 519; x_wconf 84' lang='lat' dir='ltr'>fidelissimi,</span> 
     </span>
     <span class='ocr_line' id='line_1_8' title="bbox 46 524 1358 578; baseline 0.002 -15"><span class='ocrx_word' id='word_1_50' title='bbox 46 528 119 578; x_wconf 84' lang='lat' dir='ltr'>qui</span> <span class='ocrx_word' id='word_1_51' title='bbox 141 537 240 565; x_wconf 90' lang='lat' dir='ltr'>eum</span> <span class='ocrx_word' id='word_1_52' title='bbox 260 524 487 571; x_wconf 75' lang='lat' dir='ltr'>vide-runt,</span> <span class='ocrx_word' id='word_1_53' title='bbox 523 524 798 571; x_wconf 83' lang='lat' dir='ltr'>retulerunt,</span> <span class='ocrx_word' id='word_1_54' title='bbox 833 531 878 564; x_wconf 91' lang='lat' dir='ltr'>et</span> <span class='ocrx_word' id='word_1_55' title='bbox 902 532 1085 565; x_wconf 81' lang='lat' dir='ltr'>sanctae</span> <span class='ocrx_word' id='word_1_56' title='bbox 1113 527 1358 565; x_wconf 77' lang='lat' dir='ltr'>memoriae</span> 
     </span>
     <span class='ocr_line' id='line_1_9' title="bbox 46 579 1359 634; baseline 0 -14"><span class='ocrx_word' id='word_1_57' title='bbox 46 582 352 633; x_wconf 74' lang='lat' dir='ltr'>Hieronymus</span> <span class='ocrx_word' id='word_1_58' title='bbox 369 580 406 629; x_wconf 91' lang='lat'>¹)</span> <span class='ocrx_word' id='word_1_59' title='bbox 428 579 669 632; x_wconf 70' lang='lat' dir='ltr'>presbyter</span> <span class='ocrx_word' id='word_1_60' title='bbox 688 580 901 632; x_wconf 83' lang='lat' dir='ltr'>scriptum</span> <span class='ocrx_word' id='word_1_61' title='bbox 920 581 1118 634; x_wconf 87' lang='lat' dir='ltr'>reliquit,</span> <span class='ocrx_word' id='word_1_62' title='bbox 1139 581 1270 629; x_wconf 91' lang='lat' dir='ltr'>absit,</span> <span class='ocrx_word' id='word_1_63' title='bbox 1295 583 1359 621; x_wconf 89' lang='lat' dir='ltr'>in·</span> 
     </span>
     <span class='ocr_line' id='line_1_10' title="bbox 45 633 1357 690; baseline 0 -14"><span class='ocrx_word' id='word_1_64' title='bbox 45 649 197 690; x_wconf 91' lang='lat' dir='ltr'>quam,</span> <span class='ocrx_word' id='word_1_65' title='bbox 235 641 281 675; x_wconf 88' lang='lat' dir='ltr'>ut</span> <span class='ocrx_word' id='word_1_66' title='bbox 308 647 441 674; x_wconf 89' lang='lat' dir='ltr'>unum</span> <span class='ocrx_word' id='word_1_67' title='bbox 472 633 696 674; x_wconf 85' lang='lat' dir='ltr'>hominem</span> <span class='ocrx_word' id='word_1_68' title='bbox 728 635 975 688; x_wconf 83' lang='lat' dir='ltr'>duplicem,</span> <span class='ocrx_word' id='word_1_69' title='bbox 1012 649 1063 677; x_wconf 88' lang='lat' dir='ltr'>ac</span> <span class='ocrx_word' id='word_1_70' title='bbox 1094 651 1179 676; x_wconf 91' lang='lat' dir='ltr'>non</span> <span class='ocrx_word' id='word_1_71' title='bbox 1206 637 1357 690; x_wconf 85' lang='lat' dir='ltr'>potius</span> 
     </span>
     <span class='ocr_line' id='line_1_11' title="bbox 46 690 1358 745; baseline -0.001 -13"><span class='ocrx_word' id='word_1_72' title='bbox 46 693 180 740; x_wconf 87' lang='lat' dir='ltr'>duos,</span> <span class='ocrx_word' id='word_1_73' title='bbox 217 691 335 744; x_wconf 90' lang='lat' dir='ltr'>quod</span> <span class='ocrx_word' id='word_1_74' title='bbox 360 690 558 730; x_wconf 85' lang='lat' dir='ltr'>futurum</span> <span class='ocrx_word' id='word_1_75' title='bbox 584 690 752 741; x_wconf 85' lang='lat' dir='ltr'>fuerat,</span> <span class='ocrx_word' id='word_1_76' title='bbox 788 692 823 730; x_wconf 88' lang='lat' dir='ltr'>si</span> <span class='ocrx_word' id='word_1_77' title='bbox 855 692 1021 745; x_wconf 82' lang='lat' dir='ltr'>gemini</span> <span class='ocrx_word' id='word_1_78' title='bbox 1050 698 1358 739; x_wconf 83' lang='lat' dir='ltr'>nascerentur,</span> 
     </span>
     <span class='ocr_line' id='line_1_12' title="bbox 44 747 1359 801; baseline 0 -14"><span class='ocrx_word' id='word_1_79' title='bbox 44 753 382 788; x_wconf 82' lang='lat' dir='ltr'>resurrecturos</span> <span class='ocrx_word' id='word_1_80' title='bbox 404 747 726 786; x_wconf 81' lang='lat' dir='ltr'>existimemus.</span> <span class='ocrx_word' id='word_1_81' title='bbox 786 747 853 786; x_wconf 88' lang='lat' dir='ltr'>lta</span> <span class='ocrx_word' id='word_1_82' title='bbox 873 754 1038 797; x_wconf 90' lang='lat' dir='ltr'>cetera,</span> <span class='ocrx_word' id='word_1_83' title='bbox 1059 761 1171 801; x_wconf 87' lang='lat' dir='ltr'>quae</span> <span class='ocrx_word' id='word_1_84' title='bbox 1192 748 1359 801; x_wconf 77' lang='lat' dir='ltr'>singuli</span> 
     </span>
     <span class='ocr_line' id='line_1_13' title="bbox 47 802 1359 857; baseline 0 -14"><span class='ocrx_word' id='word_1_85' title='bbox 47 804 211 856; x_wconf 83' lang='lat' dir='ltr'>quique</span> <span class='ocrx_word' id='word_1_86' title='bbox 232 808 384 855; x_wconf 83' lang='lat' dir='ltr'>partus</span> <span class='ocrx_word' id='word_1_87' title='bbox 408 802 472 841; x_wconf 81' lang='lat' dir='ltr'>vel</span> <span class='ocrx_word' id='word_1_88' title='bbox 496 803 708 854; x_wconf 80' lang='lat' dir='ltr'>amplius,</span> <span class='ocrx_word' id='word_1_89' title='bbox 735 804 806 842; x_wconf 82' lang='lat' dir='ltr'>rel</span> <span class='ocrx_word' id='word_1_90' title='bbox 828 804 973 843; x_wconf 89' lang='lat' dir='ltr'>minus</span> <span class='ocrx_word' id='word_1_91' title='bbox 1002 804 1171 857; x_wconf 85' lang='lat' dir='ltr'>aliquid</span> <span class='ocrx_word' id='word_1_92' title='bbox 1194 803 1359 843; x_wconf 83' lang='lat' dir='ltr'>haben-</span> 
     </span>
     <span class='ocr_line' id='line_1_14' title="bbox 48 857 1357 911; baseline -0.002 -12"><span class='ocrx_word' id='word_1_93' title='bbox 48 857 122 907; x_wconf 87' lang='lat' dir='ltr'>do,</span> <span class='ocrx_word' id='word_1_94' title='bbox 151 859 220 898; x_wconf 78' lang='lat' dir='ltr'>vel</span> <span class='ocrx_word' id='word_1_95' title='bbox 240 858 430 911; x_wconf 87' lang='lat' dir='ltr'>quadam</span> <span class='ocrx_word' id='word_1_96' title='bbox 449 858 586 897; x_wconf 85' lang='lat' dir='ltr'>nimia</span> <span class='ocrx_word' id='word_1_97' title='bbox 604 857 894 898; x_wconf 80' lang='lat' dir='ltr'>deformitate</span> <span class='ocrx_word' id='word_1_98' title='bbox 913 866 1115 900; x_wconf 86' lang='lat' dir='ltr'>monstra</span> <span class='ocrx_word' id='word_1_99' title='bbox 1133 861 1357 908; x_wconf 86' lang='lat' dir='ltr'>dicuntur,</span> 
     </span>
     <span class='ocr_line' id='line_1_15' title="bbox 45 913 1358 966; baseline 0.001 -12"><span class='ocrx_word' id='word_1_100' title='bbox 45 915 102 955; x_wconf 85' lang='lat' dir='ltr'>ad</span> <span class='ocrx_word' id='word_1_101' title='bbox 128 913 345 954; x_wconf 82' lang='lat' dir='ltr'>humanae</span> <span class='ocrx_word' id='word_1_102' title='bbox 372 921 558 953; x_wconf 81' lang='lat' dir='ltr'>naturae</span> <span class='ocrx_word' id='word_1_103' title='bbox 584 913 772 966; x_wconf 83' lang='lat' dir='ltr'>figuram</span> <span class='ocrx_word' id='word_1_104' title='bbox 805 916 1141 956; x_wconf 88' lang='lat' dir='ltr'>resurrectione</span> <span class='ocrx_word' id='word_1_105' title='bbox 1174 928 1358 955; x_wconf 79' lang='lat' dir='ltr'>revoca·</span> 
     </span>
     <span class='ocr_line' id='line_1_16' title="bbox 44 969 1360 1024; baseline 0.001 -14"><span class='ocrx_word' id='word_1_106' title='bbox 44 970 232 1019; x_wconf 89' lang='lat' dir='ltr'>buntur,</span> <span class='ocrx_word' id='word_1_107' title='bbox 259 970 325 1009; x_wconf 89' lang='lat' dir='ltr'>ita</span> <span class='ocrx_word' id='word_1_108' title='bbox 347 975 396 1009; x_wconf 89' lang='lat' dir='ltr'>ut</span> <span class='ocrx_word' id='word_1_109' title='bbox 422 969 627 1021; x_wconf 80' lang='lat' dir='ltr'>singulae</span> <span class='ocrx_word' id='word_1_110' title='bbox 655 970 828 1009; x_wconf 86' lang='lat' dir='ltr'>animae</span> <span class='ocrx_word' id='word_1_111' title='bbox 856 971 1036 1024; x_wconf 86' lang='lat' dir='ltr'>singula</span> <span class='ocrx_word' id='word_1_112' title='bbox 1059 984 1141 1011; x_wconf 85' lang='lat' dir='ltr'>sua</span> <span class='ocrx_word' id='word_1_113' title='bbox 1164 983 1360 1023; x_wconf 84' lang='lat' dir='ltr'>corpora</span> 
     </span>
     <span class='ocr_line' id='line_1_17' title="bbox 46 1023 1357 1081; baseline 0.001 -16"><span class='ocrx_word' id='word_1_114' title='bbox 46 1026 305 1074; x_wconf 83' lang='lat' dir='ltr'>obtineant,</span> <span class='ocrx_word' id='word_1_115' title='bbox 338 1025 474 1064; x_wconf 90' lang='lat' dir='ltr'>nullis</span> <span class='ocrx_word' id='word_1_116' title='bbox 500 1023 849 1065; x_wconf 85' lang='lat' dir='ltr'>cohaerentibus</span> <span class='ocrx_word' id='word_1_117' title='bbox 887 1027 1020 1066; x_wconf 85' lang='lat' dir='ltr'>etiam</span> <span class='ocrx_word' id='word_1_118' title='bbox 1050 1039 1357 1081; x_wconf 80' lang='lat' dir='ltr'>quaecumque</span> 
     </span>
     <span class='ocr_line' id='line_1_18' title="bbox 46 1080 1356 1136; baseline 0.001 -15"><span class='ocrx_word' id='word_1_119' title='bbox 46 1080 340 1122; x_wconf 85' lang='lat' dir='ltr'>cohaerentia</span> <span class='ocrx_word' id='word_1_120' title='bbox 364 1086 470 1119; x_wconf 87' lang='lat' dir='ltr'>nata</span> <span class='ocrx_word' id='word_1_121' title='bbox 492 1080 694 1129; x_wconf 83' lang='lat' dir='ltr'>fuerant,</span> <span class='ocrx_word' id='word_1_122' title='bbox 731 1081 809 1121; x_wconf 84' lang='lat' dir='ltr'>sed</span> <span class='ocrx_word' id='word_1_123' title='bbox 837 1094 1040 1122; x_wconf 83' lang='lat' dir='ltr'>seorsum</span> <span class='ocrx_word' id='word_1_124' title='bbox 1061 1084 1144 1122; x_wconf 86' lang='lat' dir='ltr'>sibi</span> <span class='ocrx_word' id='word_1_125' title='bbox 1165 1083 1356 1136; x_wconf 81' lang='lat' dir='ltr'>singulis</span> 
     </span>
     <span class='ocr_line' id='line_1_19' title="bbox 45 1134 1356 1192; baseline 0.001 -15"><span class='ocrx_word' id='word_1_126' title='bbox 45 1134 127 1177; x_wconf 85' lang='lat' dir='ltr'>sua</span> <span class='ocrx_word' id='word_1_127' title='bbox 157 1136 357 1177; x_wconf 86' lang='lat' dir='ltr'>membra</span> <span class='ocrx_word' id='word_1_128' title='bbox 391 1136 694 1189; x_wconf 82' lang='lat' dir='ltr'>gestantibus,</span> <span class='ocrx_word' id='word_1_129' title='bbox 737 1137 897 1191; x_wconf 88' lang='lat' dir='ltr'>quibus</span> <span class='ocrx_word' id='word_1_130' title='bbox 938 1137 1117 1179; x_wconf 89' lang='lat' dir='ltr'>humani</span> <span class='ocrx_word' id='word_1_131' title='bbox 1151 1140 1356 1192; x_wconf 83' lang='lat' dir='ltr'>corporis</span> 
     </span>
     <span class='ocr_line' id='line_1_20' title="bbox 45 1192 569 1246; baseline -0.004 -13"><span class='ocrx_word' id='word_1_132' title='bbox 45 1193 297 1246; x_wconf 83' lang='lat' dir='ltr'>completur</span> <span class='ocrx_word' id='word_1_133' title='bbox 314 1192 569 1244; x_wconf 82' lang='lat' dir='ltr'>integritas.</span> 
     </span>
    </p>

    <p class='ocr_par' dir='ltr' id='par_1_3' title="bbox 41 1246 1357 1740">
     <span class='ocr_line' id='line_1_21' title="bbox 101 1246 1356 1300; baseline 0.002 -13"><span class='ocrx_word' id='word_1_134' title='bbox 101 1249 146 1287; x_wconf 89' lang='lat' dir='ltr'>C.</span> <span class='ocrx_word' id='word_1_135' title='bbox 166 1246 455 1288; x_wconf 77' lang='lat' dir='ltr'>LXXXVIII.</span> <span class='ocrx_word' id='word_1_136' title='bbox 515 1247 615 1287; x_wconf 85' lang='lat' dir='ltr'>Non</span> <span class='ocrx_word' id='word_1_137' title='bbox 642 1254 789 1286; x_wconf 90' lang='lat' dir='ltr'>autem</span> <span class='ocrx_word' id='word_1_138' title='bbox 816 1249 934 1300; x_wconf 83' lang='lat' dir='ltr'>perit</span> <span class='ocrx_word' id='word_1_139' title='bbox 951 1248 1050 1290; x_wconf 86' lang='lat' dir='ltr'>Deo</span> <span class='ocrx_word' id='word_1_140' title='bbox 1070 1258 1251 1289; x_wconf 87' lang='lat' dir='ltr'>terrena</span> <span class='ocrx_word' id='word_1_141' title='bbox 1268 1262 1356 1289; x_wconf 87' lang='lat' dir='ltr'>ma-</span> 
     </span>
     <span class='ocr_line' id='line_1_22' title="bbox 41 1303 1357 1358; baseline 0 -14"><span class='ocrx_word' id='word_1_142' title='bbox 41 1304 204 1353; x_wconf 86' lang='lat' dir='ltr'>teries,</span> <span class='ocrx_word' id='word_1_143' title='bbox 232 1304 285 1343; x_wconf 86' lang='lat' dir='ltr'>de</span> <span class='ocrx_word' id='word_1_144' title='bbox 305 1316 392 1356; x_wconf 91' lang='lat' dir='ltr'>qua</span> <span class='ocrx_word' id='word_1_145' title='bbox 409 1303 665 1343; x_wconf 86' lang='lat' dir='ltr'>mortalium</span> <span class='ocrx_word' id='word_1_146' title='bbox 687 1312 866 1343; x_wconf 71' lang='lat' dir='ltr'>creatur</span> <span class='ocrx_word' id='word_1_147' title='bbox 886 1317 1012 1355; x_wconf 82' lang='lat' dir='ltr'>caro;</span> <span class='ocrx_word' id='word_1_148' title='bbox 1045 1307 1125 1345; x_wconf 90' lang='lat' dir='ltr'>sed</span> <span class='ocrx_word' id='word_1_149' title='bbox 1144 1308 1186 1345; x_wconf 88' lang='lat' dir='ltr'>in</span> <span class='ocrx_word' id='word_1_150' title='bbox 1208 1318 1357 1358; x_wconf 87' lang='lat' dir='ltr'>quem-</span> 
     </span>
     <span class='ocr_line' id='line_1_23' title="bbox 44 1359 1356 1414; baseline 0 -15"><span class='ocrx_word' id='word_1_151' title='bbox 44 1359 157 1399; x_wconf 86' lang='lat' dir='ltr'>libet</span> <span class='ocrx_word' id='word_1_152' title='bbox 174 1360 402 1413; x_wconf 78' lang='lat' dir='ltr'>pulverem</span> <span class='ocrx_word' id='word_1_153' title='bbox 425 1360 678 1398; x_wconf 76' lang='lat' dir='ltr'>cineremve</span> <span class='ocrx_word' id='word_1_154' title='bbox 698 1360 919 1408; x_wconf 74' lang='lat' dir='ltr'>solvatur,</span> <span class='ocrx_word' id='word_1_155' title='bbox 956 1362 999 1400; x_wconf 86' lang='lat' dir='ltr'>in</span> <span class='ocrx_word' id='word_1_156' title='bbox 1029 1360 1256 1414; x_wconf 81' lang='lat' dir='ltr'>quoslibet</span> <span class='ocrx_word' id='word_1_157' title='bbox 1284 1360 1356 1399; x_wconf 88' lang='lat' dir='ltr'>ha-</span> 
     </span>
     <span class='ocr_line' id='line_1_24' title="bbox 44 1414 1355 1470; baseline 0 -15"><span class='ocrx_word' id='word_1_158' title='bbox 44 1416 152 1455; x_wconf 85' lang='lat' dir='ltr'>litus</span> <span class='ocrx_word' id='word_1_159' title='bbox 188 1427 410 1467; x_wconf 84' lang='lat' dir='ltr'>aurasque</span> <span class='ocrx_word' id='word_1_160' title='bbox 446 1414 677 1468; x_wconf 85' lang='lat' dir='ltr'>diffugiat‚</span> <span class='ocrx_word' id='word_1_161' title='bbox 727 1417 768 1453; x_wconf 89' lang='lat' dir='ltr'>in</span> <span class='ocrx_word' id='word_1_162' title='bbox 808 1429 1130 1470; x_wconf 79' lang='lat' dir='ltr'>quamcumque</span> <span class='ocrx_word' id='word_1_163' title='bbox 1166 1417 1355 1455; x_wconf 84' lang='lat' dir='ltr'>aliorum</span> 
     </span>
     <span class='ocr_line' id='line_1_25' title="bbox 46 1470 1356 1523; baseline 0.001 -13"><span class='ocrx_word' id='word_1_164' title='bbox 46 1483 284 1523; x_wconf 84' lang='lat' dir='ltr'>corporum</span> <span class='ocrx_word' id='word_1_165' title='bbox 305 1470 602 1510; x_wconf 86' lang='lat' dir='ltr'>substantiam</span> <span class='ocrx_word' id='word_1_166' title='bbox 620 1470 692 1509; x_wconf 74' lang='lat' dir='ltr'>vel</span> <span class='ocrx_word' id='word_1_167' title='bbox 709 1471 753 1509; x_wconf 86' lang='lat' dir='ltr'>in</span> <span class='ocrx_word' id='word_1_168' title='bbox 772 1471 871 1523; x_wconf 79' lang='lat' dir='ltr'>ipsa</span> <span class='ocrx_word' id='word_1_169' title='bbox 890 1472 1114 1513; x_wconf 86' lang='lat' dir='ltr'>elementa</span> <span class='ocrx_word' id='word_1_170' title='bbox 1139 1478 1356 1521; x_wconf 78' lang='lat' dir='ltr'>vertatur,</span> 
     </span>
     <span class='ocr_line' id='line_1_26' title="bbox 45 1525 1356 1579; baseline 0.001 -13"><span class='ocrx_word' id='word_1_171' title='bbox 45 1527 89 1566; x_wconf 84' lang='lat' dir='ltr'>in</span> <span class='ocrx_word' id='word_1_172' title='bbox 116 1538 500 1579; x_wconf 83' lang='lat' dir='ltr'>quorumcumque</span> <span class='ocrx_word' id='word_1_173' title='bbox 526 1525 782 1566; x_wconf 87' lang='lat' dir='ltr'>animalium</span> <span class='ocrx_word' id='word_1_174' title='bbox 804 1527 939 1566; x_wconf 83' lang='lat' dir='ltr'>etiam</span> <span class='ocrx_word' id='word_1_175' title='bbox 961 1526 1187 1568; x_wconf 88' lang='lat' dir='ltr'>hominum</span> <span class='ocrx_word' id='word_1_176' title='bbox 1208 1528 1356 1567; x_wconf 85' lang='lat' dir='ltr'>cibum</span> 
     </span>
     <span class='ocr_line' id='line_1_27' title="bbox 49 1582 1356 1636; baseline 0 -14"><span class='ocrx_word' id='word_1_177' title='bbox 49 1583 179 1622; x_wconf 81' lang='lat' dir='ltr'>cedat</span> <span class='ocrx_word' id='word_1_178' title='bbox 198 1594 468 1634; x_wconf 82' lang='lat' dir='ltr'>carnemque</span> <span class='ocrx_word' id='word_1_179' title='bbox 488 1587 699 1629; x_wconf 84' lang='lat' dir='ltr'>mutetur,</span> <span class='ocrx_word' id='word_1_180' title='bbox 730 1582 795 1622; x_wconf 89' lang='lat' dir='ltr'>illi</span> <span class='ocrx_word' id='word_1_181' title='bbox 817 1585 991 1623; x_wconf 83' lang='lat' dir='ltr'>animae</span> <span class='ocrx_word' id='word_1_182' title='bbox 1014 1583 1229 1624; x_wconf 86' lang='lat' dir='ltr'>humanae</span> <span class='ocrx_word' id='word_1_183' title='bbox 1249 1597 1356 1636; x_wconf 79' lang='lat' dir='ltr'>pun-</span> 
     </span>
     <span class='ocr_line' id='line_1_28' title="bbox 48 1636 1357 1690; baseline 0.002 -13"><span class='ocrx_word' id='word_1_184' title='bbox 48 1644 120 1677; x_wconf 86' lang='lat' dir='ltr'>cto</span> <span class='ocrx_word' id='word_1_185' title='bbox 142 1639 358 1690; x_wconf 82' lang='lat' dir='ltr'>temporis</span> <span class='ocrx_word' id='word_1_186' title='bbox 381 1637 510 1685; x_wconf 87' lang='lat' dir='ltr'>redit,</span> <span class='ocrx_word' id='word_1_187' title='bbox 537 1650 651 1690; x_wconf 87' lang='lat' dir='ltr'>quae</span> <span class='ocrx_word' id='word_1_188' title='bbox 672 1636 792 1676; x_wconf 88' lang='lat' dir='ltr'>illam</span> <span class='ocrx_word' id='word_1_189' title='bbox 813 1640 1031 1690; x_wconf 79' lang='lat' dir='ltr'>primitus,</span> <span class='ocrx_word' id='word_1_190' title='bbox 1060 1646 1105 1679; x_wconf 91' lang='lat' dir='ltr'>ut</span> <span class='ocrx_word' id='word_1_191' title='bbox 1129 1638 1260 1679; x_wconf 88' lang='lat' dir='ltr'>homo</span> <span class='ocrx_word' id='word_1_192' title='bbox 1284 1640 1357 1679; x_wconf 82' lang='lat' dir='ltr'>fie-</span> 
     </span>
     <span class='ocr_line' id='line_1_29' title="bbox 48 1693 878 1740; baseline -0.001 -7"><span class='ocrx_word' id='word_1_193' title='bbox 48 1699 132 1740; x_wconf 88' lang='lat' dir='ltr'>ret,</span> <span class='ocrx_word' id='word_1_194' title='bbox 159 1695 348 1735; x_wconf 76' lang='lat' dir='ltr'>viveret,</span> <span class='ocrx_word' id='word_1_195' title='bbox 379 1699 622 1738; x_wconf 79' lang='lat' dir='ltr'>cresceret,</span> <span class='ocrx_word' id='word_1_196' title='bbox 650 1693 878 1733; x_wconf 68' lang='lat' dir='ltr'>animavit.</span> 
     </span>
    </p>

    <p class='ocr_par' dir='ltr' id='par_1_4' title="bbox 48 1748 1357 1915">
     <span class='ocr_line' id='line_1_30' title="bbox 105 1748 1356 1803; baseline 0.002 -16"><span class='ocrx_word' id='word_1_197' title='bbox 105 1749 150 1787; x_wconf 91' lang='lat' dir='ltr'>C.</span> <span class='ocrx_word' id='word_1_198' title='bbox 174 1748 422 1788; x_wconf 82' lang='lat' dir='ltr'>LXXXIX.</span> <span class='ocrx_word' id='word_1_199' title='bbox 486 1748 585 1801; x_wconf 81' lang='lat' dir='ltr'>ipsa</span> <span class='ocrx_word' id='word_1_200' title='bbox 603 1749 753 1801; x_wconf 88' lang='lat' dir='ltr'>itaque</span> <span class='ocrx_word' id='word_1_201' title='bbox 773 1755 950 1790; x_wconf 84' lang='lat' dir='ltr'>terrena</span> <span class='ocrx_word' id='word_1_202' title='bbox 970 1751 1203 1799; x_wconf 86' lang='lat' dir='ltr'>materies,</span> <span class='ocrx_word' id='word_1_203' title='bbox 1243 1763 1356 1803; x_wconf 81' lang='lat' dir='ltr'>quae</span> 
     </span>
     <span class='ocr_line' id='line_1_31' title="bbox 50 1803 1356 1854; baseline 0 -10"><span class='ocrx_word' id='word_1_204' title='bbox 50 1804 312 1844; x_wconf 82' lang='lat' dir='ltr'>discedente</span> <span class='ocrx_word' id='word_1_205' title='bbox 340 1804 488 1843; x_wconf 84' lang='lat' dir='ltr'>anima</span> <span class='ocrx_word' id='word_1_206' title='bbox 516 1804 563 1843; x_wconf 82' lang='lat' dir='ltr'>fit</span> <span class='ocrx_word' id='word_1_207' title='bbox 582 1803 793 1854; x_wconf 81' lang='lat' dir='ltr'>cadaver,</span> <span class='ocrx_word' id='word_1_208' title='bbox 830 1819 916 1845; x_wconf 89' lang='lat' dir='ltr'>non</span> <span class='ocrx_word' id='word_1_209' title='bbox 940 1807 1003 1846; x_wconf 87' lang='lat' dir='ltr'>ita</span> <span class='ocrx_word' id='word_1_210' title='bbox 1021 1809 1356 1846; x_wconf 77' lang='lat' dir='ltr'>resurrectione</span> 
     </span>
     <span class='ocr_line' id='line_1_32' title="bbox 48 1859 1357 1915; baseline 0.002 -17"><span class='ocrx_word' id='word_1_211' title='bbox 48 1860 353 1912; x_wconf 81' lang='lat' dir='ltr'>reparabitur,</span> <span class='ocrx_word' id='word_1_212' title='bbox 379 1865 427 1899; x_wconf 89' lang='lat' dir='ltr'>ut</span> <span class='ocrx_word' id='word_1_213' title='bbox 446 1871 499 1899; x_wconf 84' lang='lat' dir='ltr'>ea</span> <span class='ocrx_word' id='word_1_214' title='bbox 517 1872 630 1913; x_wconf 87' lang='lat' dir='ltr'>quae</span> <span class='ocrx_word' id='word_1_215' title='bbox 649 1859 929 1910; x_wconf 84' lang='lat' dir='ltr'>dilabuntur,</span> <span class='ocrx_word' id='word_1_216' title='bbox 967 1863 1073 1902; x_wconf 85' lang='lat' dir='ltr'>etin</span> <span class='ocrx_word' id='word_1_217' title='bbox 1092 1862 1204 1902; x_wconf 84' lang='lat' dir='ltr'>alias</span> <span class='ocrx_word' id='word_1_218' title='bbox 1223 1869 1357 1915; x_wconf 86' lang='lat' dir='ltr'>atque</span> 
     </span>
    </p>
   </div>
   <div class='ocr_carea' id='block_1_3' title="bbox 49 1978 1358 2258">
    <p class='ocr_par' dir='ltr' id='par_1_5' title="bbox 49 1978 1358 2258">
     <span class='ocr_line' id='line_1_33' title="bbox 102 1978 1355 2028; baseline 0.004 -18"><span class='ocrx_word' id='word_1_219' title='bbox 102 1983 133 2015; x_wconf 88' lang='lat' dir='ltr'>l)</span> <span class='ocrx_word' id='word_1_220' title='bbox 164 1979 313 2011; x_wconf 80' lang='lat' dir='ltr'>Hieron.</span> <span class='ocrx_word' id='word_1_221' title='bbox 339 1979 373 2011; x_wconf 89' lang='lat' dir='ltr'>in</span> <span class='ocrx_word' id='word_1_222' title='bbox 400 1980 494 2022; x_wconf 78' lang='lat' dir='ltr'>epist</span> <span class='ocrx_word' id='word_1_223' title='bbox 532 1979 576 2012; x_wconf 82' lang='lat' dir='ltr'>ad</span> <span class='ocrx_word' id='word_1_224' title='bbox 603 1978 780 2013; x_wconf 69' lang='lat' dir='ltr'>Vitalem:</span> <span class='ocrx_word' id='word_1_225' title='bbox 812 1981 907 2015; x_wconf 68' lang='lat' dir='ltr'>Num</span> <span class='ocrx_word' id='word_1_226' title='bbox 931 1982 1018 2028; x_wconf 72' lang='lat' dir='ltr'>qm&#39;a</span> <span class='ocrx_word' id='word_1_227' title='bbox 1042 1988 1188 2021; x_wconf 75' lang='lat' dir='ltr'>nostra,</span> <span class='ocrx_word' id='word_1_228' title='bbox 1224 1983 1355 2025; x_wconf 73' lang='lat' dir='ltr'>inquit,</span> 
     </span>
     <span class='ocr_line' id='line_1_34' title="bbox 51 2025 1355 2072; baseline 0.004 -17"><span class='ocrx_word' id='word_1_229' title='bbox 51 2030 176 2058; x_wconf 59' lang='lat' dir='ltr'>aelata*</span> <span class='ocrx_word' id='word_1_230' title='bbox 199 2025 350 2068; x_wconf 76' lang='lat' dir='ltr'>Lyddue</span> <span class='ocrx_word' id='word_1_231' title='bbox 374 2031 482 2058; x_wconf 73' lang='lat' dir='ltr'>melus</span> <span class='ocrx_word' id='word_1_232' title='bbox 507 2030 560 2057; x_wconf 74' lang='lat' dir='ltr'>es!</span> <span class='ocrx_word' id='word_1_233' title='bbox 590 2025 698 2058; x_wconf 78' lang='lat' dir='ltr'>Immo</span> <span class='ocrx_word' id='word_1_234' title='bbox 726 2030 876 2060; x_wconf 71' lang='lat' dir='ltr'>(luorum</span> <span class='ocrx_word' id='word_1_235' title='bbox 898 2029 1076 2072; x_wconf 71' lang='lat' dir='ltr'>cupitum,</span> <span class='ocrx_word' id='word_1_236' title='bbox 1097 2034 1256 2072; x_wconf 72' lang='lat' dir='ltr'>qmcltwr</span> <span class='ocrx_word' id='word_1_237' title='bbox 1276 2041 1355 2061; x_wconf 78' lang='lat' dir='ltr'>ma-</span> 
     </span>
     <span class='ocr_line' id='line_1_35' title="bbox 50 2073 1358 2115; baseline 0.003 -12"><span class='ocrx_word' id='word_1_238' title='bbox 50 2082 176 2110; x_wconf 81' lang='lat' dir='ltr'>mmm,</span> <span class='ocrx_word' id='word_1_239' title='bbox 212 2082 283 2103; x_wconf 81' lang='lat' dir='ltr'>mm</span> <span class='ocrx_word' id='word_1_240' title='bbox 310 2077 434 2105; x_wconf 71' lang='lat' dir='ltr'>ventre</span> <span class='ocrx_word' id='word_1_241' title='bbox 459 2076 494 2104; x_wconf 69' lang='lat' dir='ltr'>ec</span> <span class='ocrx_word' id='word_1_242' title='bbox 512 2073 646 2105; x_wconf 69' lang='lat' dir='ltr'>duabus</span> <span class='ocrx_word' id='word_1_243' title='bbox 661 2073 828 2115; x_wconf 70' lang='lat' dir='ltr'>pedibus,</span> <span class='ocrx_word' id='word_1_244' title='bbox 863 2086 984 2107; x_wconf 75' lang='lat' dir='ltr'>onmes</span> <span class='ocrx_word' id='word_1_245' title='bbox 1002 2076 1164 2108; x_wconf 78' lang='lat' dir='ltr'>homines</span> <span class='ocrx_word' id='word_1_246' title='bbox 1181 2074 1236 2108; x_wconf 78' lang='lat' dir='ltr'>ita</span> <span class='ocrx_word' id='word_1_247' title='bbox 1254 2074 1358 2109; x_wconf 72' lang='lat' dir='ltr'>nasci</span> 
     </span>
     <span class='ocr_line' id='line_1_36' title="bbox 49 2117 1356 2163; baseline 0.003 -14"><span class='ocrx_word' id='word_1_248' title='bbox 49 2128 186 2150; x_wconf 74' lang='lat' dir='ltr'>necesse</span> <span class='ocrx_word' id='word_1_249' title='bbox 203 2119 277 2150; x_wconf 79' lang='lat' dir='ltr'>est?</span> <span class='ocrx_word' id='word_1_250' title='bbox 301 2117 357 2149; x_wconf 73' lang='lat' dir='ltr'>(Jf.</span> <span class='ocrx_word' id='word_1_251' title='bbox 379 2117 468 2159; x_wconf 68' lang='lat' dir='ltr'>Aug.</span> <span class='ocrx_word' id='word_1_252' title='bbox 491 2117 533 2149; x_wconf 86' lang='lat' dir='ltr'>‹le</span> <span class='ocrx_word' id='word_1_253' title='bbox 551 2118 615 2149; x_wconf 78' lang='lat' dir='ltr'>civ.</span> <span class='ocrx_word' id='word_1_254' title='bbox 635 2118 692 2150; x_wconf 74' lang='lat' dir='ltr'>«lei</span> <span class='ocrx_word' id='word_1_255' title='bbox 717 2122 773 2158; x_wconf 81' lang='lat'>16,</span> <span class='ocrx_word' id='word_1_256' title='bbox 795 2124 836 2157; x_wconf 77' lang='grc'>8.,</span> <span class='ocrx_word' id='word_1_257' title='bbox 865 2125 900 2153; x_wconf 87' lang='lat' dir='ltr'>et</span> <span class='ocrx_word' id='word_1_258' title='bbox 920 2121 1013 2163; x_wconf 80' lang='lat' dir='ltr'>quod</span> <span class='ocrx_word' id='word_1_259' title='bbox 1034 2126 1156 2154; x_wconf 77' lang='lat' dir='ltr'>nostra</span> <span class='ocrx_word' id='word_1_260' title='bbox 1175 2125 1294 2154; x_wconf 76' lang='lat' dir='ltr'>aelate</span> <span class='ocrx_word' id='word_1_261' title='bbox 1322 2132 1356 2153; x_wconf 82' lang='lat' dir='ltr'>a.</span> 
     </span>
     <span class='ocr_line' id='line_1_37' title="bbox 53 2162 1352 2209; baseline 0.004 -14"><span class='ocrx_word' id='word_1_262' title='bbox 53 2166 151 2196; x_wconf 65' lang='lat'>18:31.</span> <span class='ocrx_word' id='word_1_263' title='bbox 165 2164 198 2195; x_wconf 89' lang='lat' dir='ltr'>in</span> <span class='ocrx_word' id='word_1_264' title='bbox 214 2162 385 2196; x_wconf 79' lang='lat' dir='ltr'>Calabria</span> <span class='ocrx_word' id='word_1_265' title='bbox 403 2163 549 2200; x_wconf 68' lang='lat' dir='ltr'>accidit,</span> <span class='ocrx_word' id='word_1_266' title='bbox 567 2164 625 2195; x_wconf 77' lang='lat' dir='ltr'>ubi</span> <span class='ocrx_word' id='word_1_267' title='bbox 647 2169 751 2197; x_wconf 84' lang='lat' dir='ltr'>natus</span> <span class='ocrx_word' id='word_1_268' title='bbox 770 2172 826 2198; x_wconf 79' lang='lat' dir='ltr'>est</span> <span class='ocrx_word' id='word_1_269' title='bbox 846 2167 965 2199; x_wconf 71' lang='lat' dir='ltr'>foetus</span> <span class='ocrx_word' id='word_1_270' title='bbox 986 2172 1230 2209; x_wconf 69' lang='lat' dir='ltr'>portentosus,</span> <span class='ocrx_word' id='word_1_271' title='bbox 1246 2167 1352 2200; x_wconf 68' lang='lat' dir='ltr'>‹shri-</span> 
     </span>
     <span class='ocr_line' id='line_1_38' title="bbox 50 2209 1353 2258; baseline 0.002 -17"><span class='ocrx_word' id='word_1_272' title='bbox 50 2210 147 2242; x_wconf 75' lang='lat' dir='ltr'>stina</span> <span class='ocrx_word' id='word_1_273' title='bbox 165 2216 201 2242; x_wconf 84' lang='lat' dir='ltr'>et</span> <span class='ocrx_word' id='word_1_274' title='bbox 222 2210 335 2248; x_wconf 67' lang='lat' dir='ltr'>Rima,</span> <span class='ocrx_word' id='word_1_275' title='bbox 356 2221 505 2252; x_wconf 82' lang='lat' dir='ltr'>prorsus</span> <span class='ocrx_word' id='word_1_276' title='bbox 523 2209 686 2242; x_wconf 78' lang='lat' dir='ltr'>eiusdem</span> <span class='ocrx_word' id='word_1_277' title='bbox 707 2211 855 2252; x_wconf 79' lang='lat' dir='ltr'>formae,</span> <span class='ocrx_word' id='word_1_278' title='bbox 875 2225 976 2256; x_wconf 62' lang='lat' dir='ltr'>«piam</span> <span class='ocrx_word' id='word_1_279' title='bbox 997 2214 1191 2258; x_wconf 71' lang='lat' dir='ltr'>descripsit</span> <span class='ocrx_word' id='word_1_280' title='bbox 1207 2215 1353 2247; x_wconf 67' lang='lat' dir='ltr'>weron.</span> 
     </span>
    </p>
   </div>
  </div>
 </body>
</html>
