1503 2465
147 102 299 131 XXXIV

145 176 260 215 sium
276 173 468 213 solvisse
482 173 844 226 quaestionem,“
863 177 1085 224 tamquam
1108 174 1343 212 coaetanei
1361 171 1456 213 fue·

145 232 236 270 rint
262 230 393 269 Plato
422 236 467 268 et
496 228 731 275 Ieremias,
763 240 832 266 me
857 226 1027 266 fefellit
1050 229 1282 267 memoria.
1344 229 1457 268 Nam

147 286 254 338 quid
287 285 365 324 ille
392 285 445 323 de
471 283 553 323 hac
578 296 626 323 re
652 283 891 336 episcopus
920 282 1108 332 dixerit,
1144 284 1187 322 in
1214 283 1328 323 libro
1360 286 1456 324 eius

148 342 336 394 legitur,
363 353 492 393 quem
522 339 575 378 de
604 340 897 378 sacramentis
925 338 1019 377 sive
1040 338 1094 376 de
1114 337 1457 391 philosophial)

149 398 344 450 scripsit.
423 395 521 434 Hoc
556 408 667 448 opus
704 395 768 433 sic
807 394 986 446 incipit:
1032 393 1185 442 „Sunt
1215 400 1460 447 praecepta

150 452 420 504 quaedam.“

214 655 266 694 II.
330 653 488 693 LIBRI
521 651 600 690 DE
630 649 793 697 FIDE,
843 647 950 689 SPE
982 648 1060 688 ET
1092 649 1394 690 CARITATE.

420 733 676 769 Re'siuc‘r.
704 732 798 765 ΠΒ.
826 731 874 764 11.
903 731 1013 765 cru).
1041 731 1186 765 Lxm.

207 813 378 866 Scripsi
398 815 533 852 etiam
551 810 748 849 librum
771 807 830 847 de
855 806 987 857 fide,
1009 820 1101 860 spe
1127 814 1177 848 et
1203 810 1462 860 caritate,

152 882 285 922 quum
307 882 332 908 a
348 881 433 916 me,
454 868 507 907 ad
529 878 659 920 quem
681 863 874 915 scriptus
895 869 978 912 est,
998 864 1290 916 postulasset,
1320 871 1368 904 ut
1385 865 1461 904 ali-

152 924 273 979 quod
293 923 556 978 opusculum
577 920 765 960 haberet
782 931 929 958 meum
948 918 1002 958 de
1022 919 1115 958 suis
1142 920 1346 960 manibus
1376 934 1464 960 non

152 993 457 1021 recessurum:
491 977 613 1031 quod
644 988 785 1029 genus
812 974 977 1014 Graeci
1011 974 1359 1016 enchiridion
1390 989 1464 1015 vo-

154 1042 270 1076 cant.
329 1037 417 1076 Ubi
451 1034 563 1075 satis
598 1033 844 1085 diligenter
878 1029 986 1070 mihi
1020 1030 1180 1071 videor
1211 1043 1312 1071 esse
1347 1044 1465 1071 com-

153 1093 333 1146 plexus,
371 1104 458 1144 quo
484 1090 619 1129 modo
642 1088 701 1128 sit
725 1086 943 1126 colendus
962 1085 1106 1134 Deus,
1141 1099 1270 1140 quam
1291 1088 1465 1139 sapien-

155 1150 261 1188 tiam
310 1160 411 1188 esse
451 1145 647 1185 hominis
690 1144 844 1195 utique
880 1154 1030 1181 veram
1064 1142 1214 1182 diviua
1245 1143 1467 1195 scriptura

157 1204 327 1243 definit.
402 1203 489 1242 Hic
523 1201 642 1240 liber
676 1200 741 1238 sic
775 1198 952 1251 incipit:
1002 1197 1146 1246 „Dici
1179 1210 1266 1238 non
1300 1205 1466 1251 potest,

158 1260 453 1299 diiectissime
474 1258 538 1296 fili
560 1255 826 1295 Laurenti.“

208 1392 241 1432 l)
273 1391 341 1422 Hic
368 1389 464 1422 liber
490 1390 533 1422 de
558 1390 785 1421 sacramento
809 1385 1101 1426 regenerationis
1120 1396 1146 1417 s.
1167 1385 1211 1418 de
1229 1384 1470 1429 philosophia

158 1437 332 1471 adversus
352 1435 545 1469 Platonem
565 1438 620 1468 est
638 1435 736 1467 inter
755 1432 970 1476 deperditos
989 1431 1185 1464 Ambrosii.
