1503 2465
91 89 169 129 202
442 85 515 124 AU
524 82 678 123 RELII
710 80 1026 122 AUGUSTINI

91 173 184 212 leat
213 170 284 210 vel
315 181 405 209 non
431 169 583 208 valeat
605 167 819 220 reperiri,
850 171 1019 206 temere
1047 164 1283 204 adfirmare
1311 176 1398 202 non

91 228 252 267 audeo.

148 282 195 321 C.
219 279 421 320 XLVIII.
452 278 569 318 Illud
589 284 737 318 tamen
759 290 889 317 unum
909 274 1288 330 peccatum,quod
1308 278 1399 312 tam

92 350 302 390 magnum
336 337 380 375 in
417 335 520 374 loco
549 340 593 373 et
621 332 773 373 habitu
799 339 950 372 tantae
976 331 1213 369 felicitatis
1239 329 1399 368 admis-

94 406 190 432 sum
212 397 303 441 est,
330 393 438 430 utin
458 404 547 429 uno
568 389 747 429 homine
769 387 1072 441 originaliter,
1099 392 1247 437 atque,
1272 390 1321 422 ut
1339 385 1404 422 ita

95 448 307 495 dixerim,
342 447 604 486 radicaliter
627 451 770 484 totum
795 456 935 497 genus
962 441 1197 481 humanum
1224 440 1403 479 damna-

94 510 235 552 retur,
261 516 349 541 non
369 502 560 540 solvitur
579 513 629 540 ac.
650 501 851 547 diluitur,
882 498 967 537 nisi
989 509 1217 549 perunum
1236 494 1403 533 media-

94 564 241 598 torem
268 557 353 596 Dei
384 562 429 596 et
454 556 704 604 hominum,
737 555 961 594 hominem
987 551 1212 591 Christum
1242 551 1402 596 lesum,

97 616 171 667 qui
191 613 315 652 solus
333 614 481 665 potuit
496 613 559 651 ita
573 612 710 660 nasei,
728 617 775 650 ut
789 611 827 649 ei
847 623 932 648 non
951 621 1061 661 opus
1077 614 1197 646 esset
1213 606 1403 645 renasci.

154 669 371 708 QXLIX.
404 667 504 707 Non
525 668 639 706 enim
659 665 1024 711 renascebantur,
1042 663 1114 716 qui
1134 663 1405 715 baptismate

96 723 309 765 Iohannis
344 723 711 775 baptizabantur,
761 735 786 760 a
819 733 906 774 quo
943 725 986 758 et
1018 720 1113 770 ipse
1149 718 1405 769 baptizatus

100 786 168 820 est
189 784 239 827 ι),
260 780 339 819 sed
360 780 552 832 quodam
576 778 889 830 praecursorio
909 776 1030 814 illius
1050 774 1316 820 ministerio,
1332 771 1407 823 qui

101 836 353 885 dicebat2):
390 834 555 874 Parate
578 833 691 873 viam
715 831 932 871 Domino!
967 829 1071 869 huie
1097 842 1210 877 uno,
1245 828 1289 866 in
1319 838 1406 878 quo

101 892 201 931 solo
223 892 396 929 renasci
419 895 647 942 poterant,
671 888 957 942 parabantur.
1020 885 1166 924 Huius
1193 885 1308 923 enim
1333 883 1408 920 ba-

102 948 290 999 ptismus
312 952 483 985 estnon
505 946 547 984 in
569 958 684 997 aqua
708 951 901 991 tantum,
939 943 1056 981 sicut
1079 940 1164 979 fuit
1184 937 1407 983 Iohannis,

102 1015 254 1041 verum
275 1003 410 1041 etiam
430 1007 474 1040 et
490 1003 533 1040 in
556 1002 717 1053 spiritu
736 1004 892 1039 sancto
908 999 947 1047 3)
963 1028 972 1045 ,
1000 1003 1047 1036 ut
1067 997 1119 1035 de
1147 996 1227 1035 illo
1251 994 1412 1046 spiritu

105 1063 401 1110 regeneretur
440 1057 641 1109 quisquis
683 1056 726 1094 in
764 1054 988 1093 Christum
1023 1051 1184 1098 credit,
1237 1049 1290 1088 de
1324 1059 1411 1100 quo

107 1112 311 1151 Christus
338 1118 578 1165 generatus
606 1112 951 1164 regeneratione
980 1121 1066 1146 non
1091 1107 1228 1159 eguit.
1286 1104 1413 1143 Unde

106 1181 193 1207 vox
213 1169 293 1207 ilia
314 1170 450 1221 patris
471 1180 584 1220 quae
605 1179 740 1219 super
757 1166 1031 1218 baptizatum
1054 1162 1173 1201 facta
1192 1166 1280 1200 est:
1310 1158 1414 1212 Ego

108 1224 232 1263 hodie
248 1223 385 1276 genui
402 1231 441 1262 le
455 1223 511 1273 4),
532 1236 618 1261 non
638 1235 771 1261 unum
794 1222 918 1260 illum
936 1218 1153 1271 temporis
1175 1218 1307 1265 diem,
1327 1226 1414 1266 quo

106 1280 360 1332 baptizatus
381 1286 463 1327 est,
490 1278 569 1317 sed
588 1277 879 1317 immutabilis
899 1274 1179 1314 aeternitatis
1201 1270 1417 1317 ostendit,

108 1342 156 1374 ut
180 1335 304 1374 illum
332 1334 555 1373 hominem
581 1334 636 1372 ad
663 1333 881 1385 unigeniti
915 1341 1153 1382 personam
1189 1327 1416 1379 pertinere

111 1396 396 1430 monstraret.
447 1390 528 1429 Ubi
552 1390 667 1428 enim
690 1389 785 1427 dies
805 1400 886 1427 nec
908 1385 1106 1424 hesterni
1127 1384 1211 1422 fine
1235 1380 1416 1420 inchoa-

108 1451 195 1494 tur,
216 1459 299 1485 nec
316 1447 446 1485 initio
470 1445 653 1484 crastini
674 1445 955 1487 terminatur,
974 1452 1152 1492 semper
1169 1437 1416 1476 hodiernus

111 1507 194 1540 est.
255 1502 301 1540 In
330 1513 446 1554 aqua
472 1514 580 1553 ergo
608 1500 829 1551 baptizari
857 1497 1003 1536 voluit
1027 1509 1051 1534 a
1075 1493 1293 1542 Iohanne,
1328 1504 1417 1530 non

109 1563 159 1596 ut
177 1558 272 1596 eius
294 1557 508 1608 iniquitas
527 1556 619 1595 ulla
633 1555 900 1601 dilueretur,
937 1552 1014 1590 sed
1045 1556 1090 1590 ut
1114 1561 1275 1601 magna
1300 1559 1417 1586 com-

109 1612 399 1651 mendaretur
424 1610 721 1659 humilitas.5)
782 1610 847 1648 lta
874 1610 1035 1660 quippe
1064 1605 1175 1644 nihil
1200 1605 1243 1642 in
1270 1616 1323 1642 eo
1343 1602 1417 1640 ba-

110 1668 321 1721 ptisnmS,
357 1667 476 1718 quod
497 1667 723 1713 ablueret,
753 1667 870 1703 sieut
888 1676 1007 1703 mors
1027 1660 1137 1700 nihil
1157 1659 1273 1712 quod
1296 1657 1419 1710 puni-

112 1729 203 1772 ret,
230 1724 423 1771 invenit,
455 1728 503 1761 ut
523 1722 729 1761 diabolus
755 1720 946 1759 veritate
971 1718 1192 1761 iustitiae,
1219 1727 1305 1752 non
1327 1714 1418 1751 rio·

113 1779 253 1818 lentia
273 1778 512 1830 potestatis
535 1789 776 1829 oppressus
796 1781 840 1814 et
860 1777 1018 1820 victus,
1047 1771 1254 1824 quoniam
1275 1770 1419 1820 ipsum

113 1837 209 1873 sine
235 1835 327 1873 ullo
355 1834 526 1885 peccati
554 1833 715 1870 merito
742 1831 1023 1883 iniquissime
1052 1826 1301 1872 occiderat,
1339 1835 1419 1876 per

112 1891 258 1942 ipsum
276 1889 520 1929 iustissime
541 1888 791 1935 amitteret,
829 1898 940 1939 quos
962 1882 1137 1936 peceati
1164 1882 1324 1920 merito
1346 1879 1419 1918 de-

163 2042 195 2080 l«)
218 2038 275 2070 Cf.
296 2037 426 2071 matth.
446 2040 478 2075 3,
502 2039 551 2068 13.
570 2048 615 2068 ss.
657 2035 693 2073 2)
716 2034 845 2067 MaUh.
867 2038 897 2073 13,
919 2038 946 2065 sl.
974 2033 1057 2065 [uc.
1079 2037 1108 2069 3,
1127 2034 1156 2063 4.
1197 2030 1233 2067 3)
1255 2028 1312 2060 ff.
1331 2028 1420 2060 Mat.

114 2088 152 2122 3,
185 2089 233 2116 ll.
280 2086 389 2116 Marc.
412 2088 444 2121 l,
471 2087 502 2114 8.
554 2086 589 2123 4)
612 2083 710 2113 llaec
727 2082 837 2113 verba
856 2080 1040 2112 leu‘nnlnr:
1076 2079 1187 2110 Hem.
1211 2080 1244 2113 l,
1271 2078 1302 2110 5.
1329 2078 1365 2111 5,
1386 2076 1416 2104 5.

114 2133 150 2171 (e
170 2131 231 2162 ΡΒ.
252 2135 283 2169 2,
304 2130 366 2171 L),
393 2130 455 2162 sed
475 2131 507 2161 in
529 2140 581 2160 ev.
603 2129 687 2160 Mat.
707 2131 738 2165 3,
764 2126 1069 2167 17.et10c.pa1·.2
1096 2119 1187 2157 οἶίιὲς
1204 2124 1295 2151 ιὐιιιι
1316 2121 1331 2150 ὁ
1349 2116 1419 2154 υἱός

111 2188 178 2215 μοι·
195 2177 211 2206 ὁ
228 2173 414 2216 ἀγαπητός,
445 2176 477 2204 ἐν
501 2169 524 2204 ὦ
549 2170 727 2210 εἰὸύκηυ-α·
779 2176 815 2215 5)
838 2172 895 2206 Cf.
916 2172 1045 2205 Matth.
1065 2176 1095 2210 3,
1117 2173 1169 2204 lb.
