1503 2465
101 123 177 162 112
453 118 686 158 AURELII
716 117 1033 159 AUGUSTINI

100 206 165 246 Ab
201 204 263 244 his
298 202 510 255 dispersae
541 208 641 241 sunt
669 201 833 241 insulae
866 202 1061 255 gentium
1085 215 1212 255 super
1234 208 1395 242 terram

92 267 197 316 post
214 258 428 298 defluvium.
490 257 555 296 Et
571 264 666 296 erat
683 257 816 296 omnis
842 264 960 296 terra
984 258 1141 297 labium
1171 270 1321 305 unum,
1358 263 1398 296 et

100 330 182 356 voa:
201 328 285 354 mm
305 313 509 360 omnibus.
528 316 565 363 ¹)
604 313 705 351 Hoc
724 314 875 365 itaque
897 313 1014 365 quod
1034 313 1288 352 adiunctum
1309 318 1396 351 est:

101 379 143 412 elv
159 378 255 411 erat
271 368 404 408 omnis
425 376 543 408 terra
562 367 720 406 labium
739 381 890 416 unum,
920 375 962 407 et
986 381 1064 408 vox
1088 381 1172 407 ιιηα
1191 367 1397 415 omnibus,

101 428 147 467 id
167 432 253 474 est,
277 437 365 464 una
382 424 536 476 lingua
554 423 771 471 omnium,
795 424 859 462 ita
879 423 1044 462 dictum
1063 423 1261 472 videtur,
1290 429 1399 462 tam-

103 495 231 536 quam
259 493 312 519 eo
340 480 426 518 iam
454 486 678 531 tempore,
713 490 798 530 quo
833 479 1024 531 dispersi
1057 478 1236 518 fuerant
1269 489 1402 529 super

101 544 288 584 terram,
316 536 449 574 etiam
468 534 709 574 secundum
732 534 897 574 insulas
916 536 1134 587 gentium,
1161 546 1247 573 una
1264 533 1402 572 fuerit

105 593 307 633 omnibus
329 591 483 642 lingua.
500 589 768 638 communis,
796 589 915 642 quod
934 590 1089 642 procul
1109 589 1243 629 dubio
1271 601 1401 641 repu-

105 655 211 702 gnat
229 646 535 698 superioribus
554 644 725 694 verbis,
752 645 828 684 ubi
854 645 1020 684 dictum
1040 651 1125 684 est:
1151 644 1194 682 in
1212 643 1404 684 tribubus

105 704 189 743 suis
202 702 427 742 secundnm
443 701 614 753 linguas
626 713 737 739 suas.
758 699 912 753 Neque
930 702 1044 739 enim
1061 698 1404 740 dicerenturha-

109 759 257 799 buisse
277 758 362 796 iam
381 757 557 809 linguas
577 768 679 795 suas
699 757 902 808 singulae
921 756 1083 804 tribus,
1116 767 1227 807 quae
1247 762 1405 807 gentes

107 814 306 867 singulas
325 812 545 859 fecerant,
571 812 746 863 quando
769 818 864 851 erat
886 812 1090 851 omnibus
1109 824 1195 850 una
1213 823 1406 849 commu-

107 872 190 910 nis.
238 870 297 908 Ac
316 880 394 920 per
415 866 498 906 hoc
518 867 854 919 recapitulando
875 867 1129 907 adiunctum
1150 871 1235 905 est:
1256 872 1297 904 et
1313 870 1410 904 erat

109 923 243 965 omnis
263 931 381 963 terra
399 921 556 962 labium
573 935 721 970 unum,
749 929 788 961 et
810 935 893 962 vox
912 935 998 961 una
1024 921 1236 969 omnibns,
1266 922 1406 960 laten-

107 988 177 1021 ter
196 979 451 1019 narratione
473 978 712 1025 redeunte,
743 983 791 1017 ut
809 978 1055 1026 diceretur,
1083 990 1168 1029 quo
1188 976 1322 1016 modo
1343 974 1406 1014 fa-

110 1043 228 1076 ctum
253 1035 330 1083 sit,
355 1039 403 1073 ut
428 1046 483 1073 ex
502 1046 589 1072 una
608 1033 802 1072 omnium
821 1034 974 1086 lingua
992 1033 1160 1072 fuerint
1178 1032 1311 1071 divisi
1330 1042 1409 1084 per

109 1091 293 1140 mult-1153
328 1094 372 1128 et
397 1090 609 1128 continuo
635 1088 688 1127 de
716 1088 796 1127 illa
818 1090 954 1128 turris
976 1089 1292 1128 aedificatione
1312 1099 1408 1126 nar-

111 1154 252 1191 ratur,
279 1145 354 1184 ubi
384 1143 494 1183 haec
526 1144 589 1182 eis
616 1143 783 1183 iudicio
811 1144 961 1183 divino
983 1145 1161 1197 ingesta
1179 1148 1248 1183 est
1265 1153 1412 1195 poena

111 1201 363 1254 superbiae,
397 1205 501 1252 post
519 1199 637 1251 quod
657 1199 822 1238 factum
842 1200 1032 1252 dispersi
1052 1206 1155 1239 sunt
1173 1210 1306 1250 super
1324 1203 1411 1236 ter-

111 1271 204 1297 ram
225 1256 468 1295 secundum
494 1255 670 1306 linguas
695 1267 812 1294 suas.
870 1255 943 1294 Fit
974 1257 1063 1294 ista
1096 1253 1410 1307 recapitulatio

114 1314 246 1352 etiam
267 1311 515 1358 obscurius,
539 1311 654 1349 sicut
671 1310 715 1348 in
737 1311 972 1363 evangelio
992 1310 1210 1349 Dominus
1230 1309 1409 1358 dieit2):

111 1367 209 1415 Die,
234 1380 312 1419 qno
333 1365 438 1405 exiit
453 1365 570 1404 Loth
589 1379 613 1404 α
632 1364 841 1413 Sodomis,
854 1365 968 1418 plait
986 1366 1128 1417 ignem
1147 1365 1195 1404 de
1213 1365 1342 1411 coelo,
1371 1368 1412 1402 et

103 1422 298 1477 perdidit
315 1434 479 1460 omnes:
505 1421 732 1460 secandam
756 1420 862 1459 haee
887 1421 971 1460 erit
997 1420 1081 1460 dies
1095 1420 1187 1475 filii
1211 1417 1409 1465 hominis,

114 1492 194 1532 qno
220 1476 493 1517 revelabitur.
562 1475 642 1515 Illa
667 1475 776 1515 Ιιονα
802 1476 875 1528 (μα’
899 1476 983 1515 eric
1012 1476 1056 1515 in
1080 1483 1213 1523 {ec-to,
1248 1482 1289 1514 et
1308 1486 1412 1513 vasa

112 1534 198 1574 eius
216 1533 261 1571 in
281 1534 418 1580 domo,
443 1544 528 1571 non
547 1532 773 1570 descendat
792 1532 937 1570 tollere
954 1531 1047 1580 illa,
1075 1539 1117 1570 et
1135 1530 1268 1584 quiin
1283 1543 1410 1583 agm,

111 1588 309 1628 similiter
326 1600 411 1626 non
431 1594 676 1626 revertatur
693 1593 834 1626 retro:
854 1586 1096 1626 meminerit
1113 1585 1258 1626 uxoris
1277 1583 1409 1624 Loth.

110 1643 337 1696 Numquid
356 1656 486 1695 quum
506 1642 725 1681 Dominus
743 1641 881 1682 fuerit
898 1643 1143 1691 revelatus,
1179 1647 1283 1680 tunc
1309 1644 1411 1680 sunt

110 1702 198 1739 ista
215 1698 454 1745 servanda,
482 1710 536 1736 ne
556 1698 741 1750 quisque
762 1703 883 1736 retro
905 1698 1135 1750 respiciat,
1164 1697 1210 1736 id
1229 1701 1316 1744 est,
1349 1695 1411 1734 vi·

110 1762 199 1794 tam
220 1755 523 1807 praeteritam,
545 1755 616 1792 cui
634 1753 919 1801 renuntiavit,
935 1754 1144 1806 inquirat,
1166 1758 1210 1791 et
1228 1765 1316 1790 non
1335 1762 1411 1802 po-

111 1812 199 1850 tius
221 1812 309 1848 isto
327 1814 550 1860 tempore,
586 1814 652 1856 ut,
690 1821 822 1860 quum
839 1808 1056 1847 Dominus
1083 1808 1220 1847 fuerit
1244 1805 1412 1845 revela-

113 1872 200 1913 tus,
220 1865 563 1904 retributionem
580 1876 660 1915 pro
683 1864 762 1911 eis,
787 1876 900 1915 quae
922 1864 1108 1916 quisque
1128 1862 1323 1902 servavit
1340 1860 1414 1899 vel

114 1920 375 1967 contemsit,
398 1919 621 1958 inveniat.z
650 1919 707 1958 Et
732 1923 900 1966 tamen,
930 1920 1034 1971 quia
1058 1920 1225 1959 dictum
1251 1922 1338 1955 est:
1368 1914 1414 1953 in

113 1975 186 2014 illa
212 1975 340 2022 hora,
374 1979 478 2013 tunc
502 1980 712 2026 putantur
737 1974 825 2013 ista
847 1975 1088 2022 servanda,
1125 1986 1256 2026 quum
1276 1971 1413 2010 fuerit

114 2030 333 2070 Dominus
353 2029 594 2078 revelatus,
614 2030 697 2068 nisi
718 2029 771 2068 ad
790 2030 1127 2082 intelligendam
1147 2026 1411 2080 recapitula-

116 2086 285 2125 tionem
304 2097 460 2124 sensus
480 2085 671 2137 legentis
690 2085 917 2137 invigilet,
943 2086 1180 2124 adiuvante
1199 2084 1288 2123 alia
1306 2081 1412 2121 scri-

166 2208 200 2246 l)
222 2204 310 2237 Gen.
330 2209 381 2243 10,
400 2207 453 2238 32.
475 2208 525 2243 ll,
548 2209 574 2238 l.
592 2216 663 2238 sec.
684 2203 807 2237 LXX.
858 2205 894 2247 2)
914 2205 1000 2238 Luc.
1021 2207 1073 2244 17,
1093 2207 1148 2239 29.
1167 2214 1213 2235 ss.

1490 1672 1494 1701 .-
1478 1292 1493 1656 ,flb1-2h-gpffldusssb-
1482 1244 1485 1279 ,Α
