1503 2465
307 117 703 159 ENCHIRIDION
733 117 810 157 AD
844 115 1138 158 LAURENT.
1303 114 1381 154 133

71 214 201 256 quani
223 202 384 242 sinitur
403 203 578 242 nescire
599 215 646 242 se
666 202 832 249 vivere,
851 199 1222 253 quandoquidem
1239 199 1275 238 si
1291 212 1381 238 non

69 259 200 306 vivit,
233 271 320 296 non
350 264 500 310 potest
527 258 698 310 aliquid
726 257 795 296 rel
825 258 1022 305 nescire3
1056 255 1265 308 quoniam
1292 269 1380 294 non

72 313 215 354 sulum
236 314 372 363 scire,
397 326 550 352 reruni
571 314 705 352 etiam
725 313 899 352 nescire
925 312 1117 351 viventis
1145 315 1228 350 est.
1291 310 1382 350 Sed

69 369 286 408 videlicet
305 382 392 408 nun
411 369 707 409 adsentiendo
724 399 733 417 ,
772 368 892 422 quod
910 369 1087 416 vivant,
1114 378 1273 405 cavcre
1295 366 1382 405 sibi

70 424 278 464 videntur
300 436 513 474 errorem,
541 437 672 477 quum
692 426 824 464 etiam
846 423 1036 463 errando
1059 424 1383 461 convincantur

71 481 246 528 vivere3
287 481 498 532 quoniam
531 494 620 519 nun
652 486 804 533 potest
837 479 911 531 qui
946 492 1031 517 non
1069 478 1176 517 vivit
1212 489 1379 517 errare.

74 535 200 575 Sicut
228 548 335 588 ergo
362 549 443 575 nos
469 536 620 575 vivere
648 548 736 575 non
766 535 911 574 solum
938 546 1109 583 reruni,
1140 534 1219 572 sed
1247 533 1382 572 etiam

74 596 242 630 certum
272 596 360 639 est,
391 591 456 630 ita
476 604 580 630 vera
600 596 643 630 et
664 596 788 630 certa
806 596 909 629 sunt
927 590 1085 638 niulta,
1113 589 1273 642 quibus
1294 602 1383 628 non

74 646 312 695 adsentiri,
348 647 467 686 absit
496 653 544 686 ut
573 647 794 700 sapientia
819 646 969 700 potius
995 658 1126 698 quam
1156 644 1384 684 dementia

76 702 346 741 nominanda
369 703 441 742 sit.

130 758 176 796 C.
200 758 320 797 xxl.
380 758 426 797 ln
456 759 615 810 quibus
644 763 791 797 autem
818 764 950 796 rebus
978 755 1088 796 nihil
1111 758 1304 796 interest
1327 758 1383 797 ad

75 813 398 865 capessendum
417 814 502 853 Dei
523 826 725 866 regnum,
746 820 891 852 utrum
915 813 1168 861 credantur,
1197 825 1250 851 an
1271 826 1381 863 non3

72 870 146 908 vel
169 875 315 908 utrum
343 882 451 908 vera
471 870 564 908 sive
585 871 691 917 sint,
720 870 814 908 sive
835 875 1068 921 putentur,
1095 881 1148 907 an
1170 867 1305 907 falsa:
1337 869 1382 908 in

75 923 143 964 his
164 937 330 973 errare,
349 925 394 963 id
416 932 498 973 est,
521 925 640 964 aliud
664 937 742 976 pro
764 925 854 963 alio
878 930 1148 976 putare,non
1165 923 1382 964 arbitran-

76 981 178 1020 dum
212 987 281 1019 est
313 993 412 1019 esse
442 987 695 1033 peccatum,
729 986 806 1019 aut
840 981 874 1019 si
907 987 994 1027 est,
1028 980 1255 1019 minimum
1282 992 1382 1019 csse

75 1042 208 1088 atque
236 1036 524 1076 levissimum.
587 1036 823 1075 Postremo
853 1037 1177 1088 qualecumque
1200 1035 1312 1075 illud
1340 1041 1384 1075 ct

76 1098 478 1144 quantumcumque
498 1093 571 1141 sit,
599 1093 654 1131 ad
674 1092 795 1131 illam
816 1093 931 1131 viani
953 1105 1039 1130 non
1061 1093 1269 1143 pertinet,
1297 1103 1384 1143 qua

74 1148 188 1186 imus
208 1147 261 1186 ad
285 1147 446 1187 Deum:
468 1160 599 1201 quae
619 1149 704 1187 via
726 1147 871 1187 fides
897 1153 983 1187 est
1002 1145 1228 1195 Christi,
1253 1159 1383 1199 quae

75 1215 171 1255 per
206 1203 561 1242 dilectionem
597 1210 865 1255 operatur.
890 1205 925 1253 l)
985 1202 1142 1255 Neque
1177 1204 1292 1241 enim
1328 1203 1382 1241 ab

76 1259 160 1298 bac
192 1259 264 1297 via
291 1259 499 1298 deviabat
525 1260 566 1297 in
589 1260 778 1311 geminis
800 1259 902 1297 liliis
923 1264 1113 1310 „gratus
1133 1258 1210 1297 ille
1229 1271 1383 1310 paren-

78 1315 195 1354 tibus
224 1317 408 1364 crrur“;
442 1320 518 1354 aut
544 1315 597 1358 ab
625 1314 705 1354 hac
731 1317 802 1354 via
821 1314 1029 1353 deviabat
1047 1316 1282 1366 apostolus
1302 1313 1383 1353 Pe-

76 1378 196 1419 trus,
228 1370 404 1421 quando
427 1383 474 1409 se
495 1370 754 1410 existimans
774 1370 914 1408 visum
941 1369 1119 1418 videre,
1155 1368 1276 1408 aliud
1302 1381 1383 1421 pro

79 1427 168 1465 alio
189 1428 252 1464 sic
274 1427 471 1477 putabat,
494 1432 540 1465 ut
557 1438 583 1464 a
603 1438 841 1478 corporum
860 1424 1147 1478 imaginibus,
1166 1426 1208 1463 in
1223 1425 1384 1477 quibus

78 1495 126 1521 se
153 1494 252 1520 esse
279 1481 600 1529 arbitrabatur,
635 1493 762 1527 vera,
791 1481 833 1519 in
855 1481 1014 1533 quibus
1033 1486 1151 1528 erat,
1191 1492 1386 1533 corpora

78 1551 167 1576 nor.
212 1537 520 1587 dignosceret,
562 1537 648 1576 nisi
683 1549 815 1589 quum
851 1536 904 1574 ab
935 1536 1015 1575 illo
1051 1536 1262 1589 angelus,
1305 1548 1386 1589 per

79 1604 207 1644 quem
235 1592 383 1631 fuerat
408 1592 646 1641 liberatus,
677 1592 974 1642 abscessit2);
1020 1596 1097 1630 aut
1123 1591 1177 1630 ab
1201 1590 1283 1630 hac
1313 1593 1386 1631 via

80 1648 289 1687 deviabat
312 1647 444 1686 iacob
478 1646 754 1699 patriarcha,
791 1648 968 1699 quando
993 1648 1216 1686 viventem
1245 1648 1385 1687 filiuni

79 1716 105 1742 a
136 1703 283 1742 bvstia
318 1703 530 1742 credebat
564 1704 834 1753 ‹›ccis111n.³)
894 1703 941 1742 ln
975 1701 1044 1741 his
1070 1708 1202 1755 atque
1233 1701 1384 1742 huius-

79 1759 199 1798 modi
220 1758 493 1797 falsitatibus
513 1759 637 1797 salva
657 1759 762 1807 fide,
791 1772 903 1812 <luae
923 1759 966 1797 in
987 1758 1130 1797 Deum
1152 1758 1280 1797 nobis
1300 1765 1383 1806 est,

79 1813 296 1861 fallimur,
335 1820 379 1853 et
404 1815 474 1852 via
500 1828 586 1853 non
614 1815 794 1861 relicta,
829 1827 942 1867 quae
968 1814 1023 1853 ad
1049 1814 1172 1852 illuni
1200 1828 1284 1858 nos
1309 1814 1384 1854 du-

82 1870 162 1917 cit,
193 1882 411 1908 erramus:
446 1870 516 1921 qui
539 1882 717 1908 errores
738 1872 872 1909 etiam
895 1871 929 1909 si
952 1875 1138 1922 peccata
1156 1883 1242 1907 nun
1267 1876 1385 1919 sunt,

79 1931 226 1964 tamen
259 1926 298 1963 in
327 1925 453 1964 malis
481 1925 609 1963 liuius
629 1926 745 1965 vitae
767 1926 1006 1977 deputandi
1029 1932 1155 1973 sunt,
1191 1937 1303 1976 quac
1325 1926 1388 1964 ita

82 1980 285 2019 subiecta
310 1987 379 2019 cst
403 1982 611 2028 vanitati,
645 1988 693 2020 ut
717 1981 1023 2033 adprobentur
1050 1979 1122 2019 bic
1157 1978 1272 2019 falsa
1307 1993 1384 2032 pro

81 2037 222 2083 veris,
249 2042 515 2088 respuantur
535 2049 639 2074 vcra
669 2049 747 2088 pru
772 2037 921 2085 falsis,
950 2042 1189 2075 tencantur
1216 2036 1390 2075 incerta

82 2103 161 2143 pro
188 2092 340 2130 certis.
401 2091 612 2139 Quamvis
636 2093 764 2145 ¹enim
800 2091 910 2131 haec
948 2092 1001 2130 ab
1031 2103 1084 2130 ea
1113 2091 1196 2130 fide
1226 2091 1389 2140 absint,

131 2214 165 2255 1)
188 2213 245 2246 Cf.
268 2211 349 2245 Gal.
370 2216 401 2251 ὖ,
421 2216 451 2246 6.
503 2214 539 2255 2)
563 2211 620 2245 Cf.
638 2211 790 2253 Act.1‘2‚
810 2215 842 2246 9.
861 2225 889 2246 s.
940 2213 977 2256 3)
998 2213 1055 2246 Cs-
1077 2212 1168 2246 Gen.
1188 2216 1240 2253 37,
1259 2218 1313 2248 33.
