1503 2465
121 86 175 125 40
482 80 719 121 AURELH
749 77 1068 120 AUGUSTINI

120 169 266 222 psisse
287 165 653 207 constantissime
672 162 933 216 perhibetur
947 165 986 213 ¹)
1000 176 1009 212 3
1023 163 1098 215 qui
1115 166 1278 210 tamen,
1292 171 1424 213 quon·

120 227 210 264 iam
228 225 274 262 in
294 222 611 262 auctoritatem
629 220 771 272 recipi
789 224 1071 267 meruerunt,
1103 219 1221 257 inter
1240 214 1429 269 prophe-

120 280 240 319 ticos
260 277 522 318 numerandi
543 281 659 316 sunt.
720 274 901 327 Reliqui
919 278 1022 314 sunt
1041 285 1196 313 eorum
1215 272 1332 319 libri,
1354 272 1430 323 qui

120 336 303 388 proprie
323 332 572 386 prophetae
592 331 896 383 adpellantur:
930 328 1168 368 duodecim
1190 325 1427 380 propheta-

119 403 217 430 rum
235 389 339 429 libri
357 388 539 442 singuli,
557 389 632 440 qui
651 386 845 426 connexi
863 384 1058 433 sibimet,
1078 385 1288 437 quoniam
1306 394 1426 422 num-

121 459 252 499 quam
272 445 465 485 seiuncti
482 450 600 492 sunt,
635 454 716 495 pro
739 454 827 481 uno
850 440 1086 489 habentur,
1118 451 1308 493 quorum
1327 450 1426 490 pro—

118 501 356 554 phetarum
376 500 558 539 nomina
575 503 677 537 sunt
696 496 826 536 haec:
863 496 981 535 Osee
996 527 1006 545 ,
1035 495 1143 545 loel,
1171 496 1321 542 Amos,
1345 493 1427 532 Ab-

120 558 233 605 dias,
255 557 402 604 Ionas,
423 553 670 603 Michaeas,
692 552 882 601 Nahum,
901 552 1133 600 Habacuc,
1159 549 1427 603 Sophonias,

117 615 343 666 Aggaeus,
363 609 619 658 Zacharias,
641 607 914 658 Malachias3
936 607 1097 647 deinde
1119 613 1311 659 quatuor
1328 616 1428 656 pro-

117 668 282 721 phetae
303 673 405 707 sunt
430 667 649 710 maiorum
675 664 970 704 voluminum:
1010 663 1171 710 isaias,
1200 662 1429 707 Ieremias,

117 724 308 772 Daniel,
342 721 571 764 Ezechiel.
632 721 718 760 His
746 719 1045 772 quadraginta
1076 724 1270 771 quatuor
1302 715 1430 756 libris

117 779 379 820 testamenti
414 778 630 824 veteris2)
669 775 937 816 terminatur
977 774 1238 814 auctoritas.
1314 771 1432 811 Novi

120 842 291 875 autem:
328 839 521 887 quatuor
546 833 675 872 libris
704 831 931 884 evangelii
948 830 1193 870 secundum
1210 825 1430 868 Matthae-

120 905 215 940 um,
250 889 494 930 secundum
518 889 742 936 Marcum,
779 886 1023 927 secundum
1050 885 1239 932 Lucam,
1275 895 1431 923 secun·

122 947 226 987 dum
249 945 515 995 Iohannem3
557 942 899 998 quatuordecim
930 941 1137 995 epistolis
1167 939 1297 980 Pauli
1327 951 1432 991 apo-

122 1003 252 1043 stoli:
273 1003 328 1042 ad
343 1002 585 1049 Romanos,
610 1001 665 1040 ad
677 997 937 1038 Corinthios
957 997 1144 1045 duabus,
1165 996 1220 1036 ad
1231 995 1431 1043 Galatas,

122 1059 179 1098 ad
214 1056 464 1111 Ephesios,
501 1057 556 1096 ad
583 1054 923 1107 Philippenses,
960 1053 1016 1092 ad
1049 1051 1433 1092 Thessalonicen-

122 1127 195 1154 ses
215 1113 402 1161 duabus,
441 1112 497 1152 ad
516 1112 833 1159 Colossenses„
861 1110 917 1149 ad
936 1107 1223 1149 Timotheum
1245 1106 1432 1154 duabus,

122 1170 179 1209 ad
199 1170 365 1218 Titum,
386 1168 442 1208 ad
460 1166 790 1215 Phile-monem,
810 1166 865 1205 ad
883 1165 1144 1213 Hebraeos3
1180 1163 1306 1202 Petri
1326 1162 1432 1201 dua-

120 1225 226 1275 bus;
256 1225 399 1265 tribus
419 1223 652 1272 Iohannis,
679 1235 768 1261 una
786 1221 937 1270 Iudae,
958 1226 1002 1260 et
1019 1233 1108 1260 una
1124 1218 1298 1268 lacobi3
1324 1217 1433 1256 acti-

119 1281 205 1320 bus
233 1280 547 1334 apostolorum
576 1279 693 1318 libro
724 1290 836 1327 uno,
873 1283 919 1317 et
939 1276 1205 1329 apocalypsi
1220 1272 1433 1314 Iohannis

121 1336 241 1376 libro
261 1348 365 1376 uno.

178 1392 224 1431 C.
250 1392 327 1431 lx.
388 1391 438 1431 In
472 1390 540 1431 his
567 1389 771 1429 omnibus
808 1388 936 1428 libris
971 1388 1182 1427 timentes
1207 1385 1355 1426 Deum
1388 1390 1432 1424 et

119 1449 289 1500 pictate
314 1448 539 1487 mansueti
564 1449 785 1499 quaerunt
818 1444 1095 1483 voluntatem
1119 1442 1221 1482 Dei.
1294 1439 1430 1480 Cuius

121 1505 272 1556 operis
299 1509 344 1543 et
367 1503 538 1542 laboris
562 1502 708 1555 prima
732 1500 990 1540 observatio
1016 1505 1104 1547 est,
1140 1503 1190 1538 ut
1221 1496 1429 1544 diximus,

118 1571 255 1599 nosse
274 1560 390 1599 istos
409 1559 575 1607 libros,
611 1562 656 1596 et
676 1557 715 1596 si
732 1555 928 1595 nondum
946 1555 999 1594 ad
1028 1554 1330 1600 intellectum,
1367 1551 1428 1590 le-

117 1615 267 1668 gendo
286 1620 435 1654 tamen
454 1614 527 1653 vel
543 1613 755 1652 mandare
775 1611 1043 1659 memoriae,
1070 1610 1143 1649 vel
1163 1610 1344 1649 omnino
1364 1607 1427 1645 in-

117 1671 327 1723 cognitos
349 1684 437 1709 non
455 1668 637 1708 habere.
686 1667 861 1707 Deinde
879 1667 959 1706 illa
980 1677 1092 1719 quae
1119 1666 1165 1704 in
1184 1665 1249 1704 eis
1271 1668 1425 1716 aperte

117 1727 268 1777 posita
285 1732 410 1774 sunt,
448 1725 521 1765 vel
536 1728 780 1777 praecepta
796 1722 998 1772 vivendi,
1032 1721 1105 1761 vel
1127 1720 1312 1774 regulae
1333 1730 1426 1758 cre-

171 1861 202 1899 1)
233 1859 335 1890 Hanc
362 1859 583 1891 sententiam
611 1857 782 1890 emendat
804 1857 885 1899 ipse
905 1855 1059 1895 August.
1077 1854 1238 1886 Retract.
1264 1856 1295 1889 2,
1322 1854 1363 1889 4.,
1389 1855 1426 1883 et

120 1903 269 1946 Specul.
291 1904 334 1936 de
352 1902 448 1936 libro
468 1903 574 1947 Sap.:
600 1929 623 1944 ‚,
637 1902 845 1936 Salomonis
873 1902 943 1934 duo
968 1901 1005 1934 hi
1030 1900 1118 1933 libri
1138 1911 1157 1932 a
1176 1897 1344 1941 pluribus
1362 1898 1423 1930 azl-

123 1949 310 1992 peilantur
328 1954 481 1992 propter
499 1951 699 1993 quamdam,
727 1950 823 1982 sicut
841 1949 1027 1986 existimo,
1054 1947 1189 1987 eloquii
1211 1942 1423 1977 similitudi-

120 2007 212 2029 nem.
238 1996 334 2029 Nam
353 1994 559 2029 Salomonis
578 2007 649 2028 non
667 2006 759 2035 esse,
777 1993 871 2028 nihil
891 1994 1061 2026 dubitant
1078 1993 1209 2034 quique
1229 1990 1423 2022 doctiores.

120 2042 195 2075 Nec
214 2048 337 2076 tamen
354 2042 436 2081 eius,
460 2042 523 2088 qui
539 2041 761 2086 Sapientiae
780 2040 929 2079 dicitur,
955 2039 1123 2084 quisnam.
1141 2037 1192 2071 sic
1208 2040 1340 2069 muctar
1358 2038 1423 2067 (cri-

116 2092 269 2132 ptcre(.“
320 2089 564 2129 Hieronymus
588 2089 682 2121 hunc
705 2087 839 2121 librum
865 2084 1144 2123 ψευδεπίγραφον
1168 2080 1354 2125 adpellat,
1388 2086 1424 2114 et

123 2136 213 2167 dicit
231 2133 381 2167 Philoni
400 2134 536 2167 Iudaeo
555 2135 783 2176 adscriptum
801 2143 884 2166 esse
902 2142 922 2164 a
937 2132 1140 2168 veteribus,
1173 2131 1281 2171 atque
1308 2129 1425 2170 ipsius

125 2180 505 2215 dictionemGraecam
515 2180 760 2224 eloquentiam
770 2177 953 2214 redolere.
971 2179 1007 2220 2)
1021 2177 1080 2210 Cf.
1091 2177 1230 2218 August
1252 2179 1340 2208 retr.
1352 2177 1383 2212 2,
1395 2177 1425 2206 4.
