1503 2465
219 87 300 128 DE
330 87 636 132 DOCTRINA
668 90 898 133 CHRIST.
958 93 1072 135 LlB.
1106 96 1161 137 ΙΙ.
1292 96 1347 139 59

38 174 298 229 apostolus,
334 173 420 215 hoc
447 174 501 215 de
528 174 733 214 omnibus
758 176 1039 230 imaginariis
1071 180 1214 234 signis
1247 194 1347 222 sen-

37 231 239 273 tiendum
274 236 357 279 est,
391 243 504 284 quae
537 231 610 270 vel
642 230 698 270 ad
725 231 892 271 cultum
915 233 1157 285 idolorum,
1192 236 1266 276 vel
1290 236 1349 277 ad

41 294 292 329 creaturam
316 287 501 339 eiusque
530 291 683 339 partes
706 291 933 340 tamquam
959 288 1105 330 Deum
1130 291 1348 332 colendas

38 343 245 392 trahunt,
266 342 339 382 vel
361 342 417 382 ad
444 342 747 382 remediorum
767 342 1046 397 aliarumque
1068 346 1349 387 observatio-

39 414 141 441 num
161 412 312 440 curam
331 399 574 451 pertinent3
607 409 721 451 quae
743 410 830 438 non
849 406 952 439 sunt
971 401 1184 442 divinitus
1208 402 1264 442 ad
1284 402 1348 442 di-

39 456 283 497 lectionem
301 454 389 494 Dei
408 459 454 493 et
470 455 661 507 proximi
682 459 907 506 tamquam
927 455 1105 508 publice
1130 458 1348 497 constitu-

0 526 1 542 *
38 518 99 560 ta,
127 511 206 551 sed
227 522 304 564 per
320 510 520 563 privatas
538 509 843 562 adpetitiones
862 522 1011 550 rerum
1030 513 1348 565 temporalium

40 568 178 609 corda
203 567 422 619 dissipant
445 567 729 605 miserorum.
791 565 838 604 ln
870 566 1076 606 omnibus
1101 579 1210 621 ergo
1245 569 1348 608 istis

40 624 258 665 doctrinis
291 622 489 662 societas
523 620 788 660 daemonum
816 620 1102 662 formidanda
1127 629 1261 676 atque
1288 624 1348 663 vi-

37 679 174 720 tanda
193 685 275 727 est,
309 677 384 731 qui
405 675 516 717 nihil
536 689 633 716 cum
652 677 850 730 principe
869 690 950 717 suo
972 677 1155 719 diabolo
1176 680 1263 719 nisi
1281 691 1349 719 re-

41 736 181 776 ditum
214 739 416 774 nostrum
449 732 660 773 claudere
696 737 830 785 atque
866 733 1081 774 obserare
1114 742 1348 775 conantur.

42 791 169 832 Sicut
197 796 347 830 autem
379 789 433 828 de
467 789 636 837 stellis,
673 800 782 841 quas
818 789 1021 830 condidit
1056 794 1101 830 et
1124 790 1351 831 ordinavit

39 846 180 895 Deus,
212 844 429 885 humanae
450 849 494 884 et
514 844 805 897 deceptoriae
826 847 1115 886 coniecturae
1134 846 1189 886 ab
1209 845 1349 887 homi-

39 903 170 943 nibus
188 902 421 942 institutae
441 906 562 940 sunt:
582 901 648 940 sic
667 900 803 940 etiam
822 900 876 940 de
894 901 1144 955 quibusque
1161 914 1349 942 nascen-

39 958 160 998 tibus
184 957 255 997 vel
274 969 452 1011 quoquo
472 956 607 996 modo
629 956 806 996 divinae
825 957 1140 1009 providentiae
1160 957 1347 998 admini-

40 1013 261 1054 stratione
296 1012 618 1052 exsistentibus
652 1011 786 1051 rebus
811 1012 939 1052 multi
967 1013 1110 1053 multa
1140 1012 1348 1054 humanis

39 1068 392 1122 suspicionibus,
428 1069 556 1121 quasi
590 1067 863 1121 regulariter
890 1071 1166 1118 coniectata,
1198 1070 1348 1110 literis

39 1124 386 1173 mandaverunt,
420 1125 458 1163 si
477 1123 596 1162 forte
615 1124 799 1163 insolite
819 1124 1093 1174 acciderint,
1118 1130 1347 1179 tamquam

39 1182 75 1222 si
96 1181 216 1220 mula
233 1179 399 1232 pariat,
427 1184 502 1219 aut
520 1179 704 1218 fulmine
724 1179 894 1233 aliquid
912 1181 1205 1234 percutiatur.

97 1237 143 1276 C.
168 1235 331 1276 XXIV.
391 1235 517 1283 Quae
548 1236 697 1275 omnia
723 1240 898 1276 tantum
925 1236 1095 1286 valent,
1132 1242 1346 1290 quantum

36 1291 370 1346 praesumtione
387 1291 637 1331 animorum
657 1291 785 1344 quasi
806 1294 1029 1332 communi
1049 1294 1238 1346 quadam
1262 1293 1346 1333 lin-

39 1360 127 1402 gua
158 1360 257 1388 cum
291 1346 583 1387 daemonibus
619 1345 859 1387 foederata
891 1354 1014 1388 sunt:
1052 1361 1166 1403 quae
1193 1354 1346 1389 tamen

36 1404 170 1457 plena
191 1408 294 1443 sunt
321 1403 469 1441 omnia
491 1401 735 1454 pestiferae
764 1403 1066 1454 curiositatis,
1099 1405 1345 1445 cruciantis

38 1458 373 1507 sollicitudinis,
395 1457 656 1498 mortiferae
677 1459 924 1499 servitutis.
981 1459 1081 1499 Non
1103 1462 1221 1501 enim
1240 1461 1347 1514 quia

36 1515 260 1564 valebant,
288 1513 600 1553 animadversa
619 1519 734 1562 sunt,
761 1515 840 1554 sed
859 1515 1259 1556 animadvertendo
1279 1521 1344 1556 at·

37 1584 122 1624 que
144 1570 362 1624 signando
382 1569 549 1609 factum
569 1575 651 1619 est,
670 1576 719 1610 ut
736 1571 953 1611 valerent.
1001 1572 1056 1611 Et
1074 1572 1178 1613 ideo
1198 1573 1344 1613 diver-

38 1628 99 1667 sis
140 1626 316 1666 diverse
359 1626 627 1679 proveniunt
668 1626 914 1666 secundum
956 1629 1262 1682 cogitationes
1298 1632 1345 1668 et

36 1682 393 1736 praesumtiones
415 1694 533 1721 suas.
580 1681 651 1721 llli
671 1682 787 1722 enim
807 1683 1008 1735 spiritus,
1035 1685 1107 1738 qui
1130 1685 1342 1738 decipere

36 1738 212 1787 volunt,
234 1738 345 1778 talia
362 1742 605 1789 procurant
624 1738 805 1791 cuique,
846 1739 1053 1792 qualibus
1074 1752 1174 1780 eum
1191 1740 1341 1780 irreti-

33 1799 126 1834 tum
146 1806 223 1847 per
242 1794 522 1845 suspiciones
542 1798 586 1833 et
605 1795 929 1835 consensiones
948 1796 1044 1836 eius
1066 1796 1234 1836 vident.
1274 1794 1341 1836 Si-

35 1855 111 1890 cut
128 1851 258 1898 enim‚
278 1849 400 1888 verbi
421 1849 582 1902 gratia,
602 1862 688 1888 una
707 1850 852 1903 figura
868 1851 1029 1892 literae
1047 1852 1104 1902 X,
1131 1851 1340 1906 quaede-

36 1905 249 1945 cussatim
280 1910 479 1952 notatur,
518 1904 642 1944 aliud
665 1906 783 1959 apud
811 1906 1037 1957 Graecos,
1071 1908 1194 1949 aliud
1220 1906 1340 1959 apud

33 1960 223 2000 Latinos
240 1961 373 2010 valet,
394 1974 478 2000 non
501 1968 671 2010 natura,
690 1961 771 2002 sed
788 1962 956 2014 placito
976 1964 1335 2004 etconsensione

33 2016 335 2069 significandi,
365 2022 409 2056 et
427 2016 529 2056 ideo
550 2017 622 2070 qui
645 2022 877 2072 utramque
896 2020 1095 2073 linguam
1114 2021 1260 2067 novit,
1296 2021 1335 2060 si

32 2070 199 2111 homini
231 2072 404 2110 Graeco
438 2072 548 2111 velit
581 2072 751 2126 aliquid
786 2075 1043 2128 significare
1077 2074 1334 2124 scribendo,

30 2140 119 2166 non
146 2128 190 2165 in
221 2139 272 2166 ea
297 2128 628 2179 significatione
653 2130 782 2183 ponit
807 2128 919 2169 hanc
945 2131 1142 2177 literam,
1177 2131 1220 2169 in
1248 2143 1336 2183 qua

31 2194 128 2224 eam
146 2183 291 2237 ponit,
322 2196 452 2236 quum
475 2183 642 2224 homini
663 2185 823 2226 scribit
840 2185 1026 2238 Latino;
1059 2192 1103 2226 et
1120 2186 1226 2227 beta
1244 2199 1332 2227 uno
