1503 2465
151 106 232 145 210
512 103 747 144 AURELH
782 105 1101 146 AUGUSTINI

207 188 254 228 C.
288 187 383 227 LX.
442 187 592 240 Magis
620 200 732 240 opus
768 194 837 227 est
864 188 1114 229 diiudicare
1148 195 1281 244 atque
1308 191 1464 245 digno-

152 257 300 291 scere,
337 256 469 297 quum
498 256 546 282 se
572 249 752 283 satanas
778 244 1073 297 transfigurat
1101 246 1226 285 velut
1256 248 1464 299 angelum

149 300 342 348 lucis¹)‚
378 311 433 337 ne
459 298 660 339 fallendo
697 299 752 338 ad
785 299 937 352 aliqua
969 301 1227 351 perniciosa
1260 302 1462 341 seducat.

151 354 263 395 Num
280 354 457 407 quando
479 366 638 393 sensus
660 355 863 407 corporis
883 354 1015 404 fallit,
1036 362 1228 395 mentem
1248 368 1354 395 vero
1375 369 1464 396 uon

151 418 304 450 movet
328 422 354 449 a
377 422 483 448 vera
506 415 720 462 rectaque
739 410 985 458 sententia,
1013 424 1098 463 qua
1117 412 1305 464 quisque
1325 413 1463 451 vitam

151 466 330 505 fidelem
351 466 482 518 gerit,
508 465 677 504 nullum
697 466 826 504 estin
847 465 1071 517 religione.
1100 467 1365 519 periculum:
1389 467 1464 506 vel

152 535 285 574 quum
320 533 367 560 se
403 521 568 559 bonum
610 521 782 573 fingens
817 533 872 560 ea
904 520 1014 561 facit
1047 522 1142 561 sire
1175 522 1305 571 dicit,
1346 534 1461 575 quae

149 576 281 616 bonis
314 577 489 629 angelis
523 582 796 629 congruunt,
836 577 972 615 etiam
999 577 1036 616 si
1069 577 1278 617 credatur
1300 578 1462 628 bonus,

149 645 238 672 non
266 637 335 671 est
363 644 490 670 error
509 630 790 671 Christianae
817 632 923 671 fidei
943 633 1225 684 periculosus
1253 639 1329 672 aut
1345 645 1461 672 mor-

147 688 297 728 bidus.
360 687 503 734 Quum
536 699 643 726 vero
680 699 758 739 per
795 685 906 726 haee
940 688 1088 727 aliena
1111 689 1163 727 ad
1189 701 1269 728 sua
1302 689 1462 741 inc-ipit

151 744 338 790 ducere,
374 749 480 782 tunc
515 755 612 782 eum
651 743 943 795 dignoscere,
987 756 1068 782 nec
1101 745 1166 783 ire
1209 750 1310 797 post
1343 757 1457 793 eum,

148 812 312 852 magna
333 804 377 837 et
397 799 657 837 necessaria
677 799 912 851 vigilantia
931 805 1015 838 est.
1065 800 1153 839 Sed
1173 799 1460 852 quotusquis-

150 867 236 907 que
257 853 484 893 homiuum
502 854 692 894 idoneus
713 860 782 893 est
803 866 958 893 omnes
977 854 1238 894 mortiferos
1265 855 1360 894 eius
1382 855 1460 894 do-

147 910 218 950 los
239 910 451 957 evadere,
480 910 564 948 nisi
586 915 715 962 regat
740 916 873 962 atque
900 916 1083 950 tueatur
1102 910 1250 950 Deus?-
1281 911 1338 950 Et
1362 911 1461 964 ipsa

148 964 280 1004 huius
300 966 366 1004 rei
387 963 626 1006 difficultas
647 963 807 1004 adhoc
826 970 895 1004 est
914 966 1063 1013 utilis,
1090 979 1142 1005 ne
1164 968 1223 1005 sit
1242 979 1344 1018 spes
1372 966 1460 1006 sibi

148 1022 361 1074 quisque,
388 1027 464 1059 aut
482 1019 616 1058 homo
636 1020 929 1069 alteralteri,
959 1022 1037 1059 sed
1058 1021 1180 1061 Deus
1207 1024 1299 1061 suis
1320 1022 1458 1061 omni-

145 1077 244 1117 bus.
306 1077 353 1115 ld
375 1077 490 1114 enim
512 1076 640 1116 nobis
657 1078 807 1128 potius
835 1077 1050 1130 expedire
1076 1090 1260 1129 prorsus
1282 1079 1458 1131 piorum

147 1133 336 1185 ambigit
353 1144 498 1171 nemo.

204 1188 250 1227 C.
283 1187 399 1226 LXI.
461 1187 588 1226 Haec
614 1199 745 1240 ergo,
783 1200 896 1240 quae
928 1188 971 1227 in
1007 1188 1174 1227 sanctis
1205 1188 1380 1247 angelis
1415 1193 1460 1228 et

145 1243 387 1283 virtutibus
408 1243 492 1283 Dei
514 1249 583 1283 est
603 1244 812 1292 ecclesia,
840 1249 943 1283 tune
963 1244 1107 1292 nobis,
1133 1244 1263 1283 sicuti
1286 1249 1369 1293 est,
1394 1246 1458 1284 in-

145 1305 378 1348 notescet,
412 1312 543 1352 quum
577 1300 615 1337 ei
652 1300 881 1338 coniuncti
915 1298 1133 1339 fuerimus
1165 1300 1209 1338 in
1243 1299 1374 1339 finem
1402 1299 1458 1338 ad

147 1355 282 1394 simui
317 1354 565 1394 habendam
601 1355 926 1394 beatitudinem
961 1356 1291 1407 sempiternam.
1365 1354 1458 1394 Ista

146 1423 280 1459 vero,
317 1424 430 1463 quae
457 1411 510 1449 ab
536 1411 616 1450 illa
644 1412 960 1463 peregrinatur
984 1411 1026 1449 in
1054 1411 1212 1460 terris,
1246 1422 1298 1450 eo
1326 1410 1456 1450 nobis

146 1467 301 1506 notior
320 1472 410 1515 est,
436 1466 556 1519 quod
574 1467 619 1505 in
637 1467 718 1505 illa
738 1480 912 1514 sumus,
941 1472 985 1506 et
1004 1467 1109 1519 quia
1127 1464 1353 1505 hominum
1374 1471 1457 1514 est,

150 1522 269 1575 quod
290 1528 334 1561 et
353 1535 434 1561 nos
454 1535 620 1561 sumus.
680 1522 809 1561 Haec
827 1524 1045 1575 sanguine
1066 1521 1344 1570 mediatoris,
1364 1522 1457 1561 nul-

147 1578 238 1617 lum
259 1577 466 1617 habentis
492 1584 746 1631 peccatum,
784 1579 837 1616 ab
859 1579 976 1616 omni
1008 1578 1240 1630 redempta
1264 1582 1333 1617 est
1356 1590 1457 1630 pec-

149 1639 267 1681 cato,
295 1634 480 1684 eiusque
500 1646 588 1673 vox
609 1639 698 1673 est:
731 1633 780 1672 Si
795 1632 1010 1686 Denspro
1031 1632 1164 1682 nobis,
1193 1632 1283 1685 quis
1303 1639 1458 1672 eontra

149 1689 254 1728 nos?
290 1688 483 1741 Quificio
501 1689 682 1742 proprio
705 1702 780 1728 suo
801 1689 1115 1741 nonpepereit,
1146 1688 1313 1740 sedpro
1336 1687 1457 1728 nobis

151 1744 344 1784 omnibus
386 1744 567 1783 tradidit
607 1744 738 1783 illum.
755 1746 797 1789 2)
866 1745 964 1783 Non
1008 1745 1124 1783 enim
1166 1756 1247 1796 pm
1282 1744 1456 1797 angelis

149 1806 353 1839 mortuus
388 1806 457 1838 est
484 1798 703 1839 Christus.
764 1799 850 1839 Sed
887 1800 990 1839 ideo
1017 1800 1151 1839 etiam
1175 1812 1256 1852 pro
1283 1799 1457 1852 angelis

152 1855 223 1908 fit,
250 1855 464 1907 quidquid
484 1853 712 1895 hominum
732 1867 811 1908 per
830 1857 927 1895 eius
948 1862 1136 1895 mortem
1155 1855 1391 1894 redimitur
1416 1860 1461 1894 et

150 1911 372 1950 liberatur
394 1922 419 1948 a
450 1911 592 1960 malo,
628 1911 837 1963 quoniam
871 1924 968 1950 cum
1001 1912 1066 1950 eis
1094 1910 1287 1962 quodam
1321 1909 1456 1949 modo

150 1966 270 2006 redit
294 1967 337 2005 in
363 1967 571 2018 gratiam,
600 1972 703 2019 post
727 1966 1007 2015 inimicitias,
1041 1978 1149 2019 quas
1177 1967 1294 2005 inter
1318 1964 1458 2005 homi-

151 2034 231 2061 nes
257 2027 301 2061 et
325 2027 506 2062 sanctos
531 2022 720 2075 angelos
744 2028 932 2075 peccata
953 2021 1180 2071 fecerunt,
1215 2026 1261 2062 et
1284 2032 1340 2062 ex
1359 2022 1459 2074 ipsa

200 2202 235 2241 1)
257 2199 312 2232 Cf.
331 2202 351 2230 2
373 2198 455 2230 Cor.
479 2201 528 2233 11,
551 2201 603 2230 14.
651 2200 688 2239 2)
710 2197 813 2231 Rom.
828 2200 859 2235 8,
877 2201 933 2232 31.
