1503 2465
455 144 941 187 ARGUMENTUM.
1271 156 1356 186 xxx

205 254 604 307 ENCHIRIDII
655 253 1010 306 ARGUMEN
1017 254 1193 306 TUM.

84 355 314 396 Augustinus
330 360 524 398 postquam
544 355 778 397 quaestiones
805 365 824 386 a
842 354 1042 386 Laurentio
1069 353 1283 396 propositas
1310 353 1356 385 ad

37 402 158 439 fidem,
185 402 389 440 caritatem,
415 412 517 444 spem
536 401 816 441 restringendas
835 411 915 432 esse
935 400 1163 438 ostenderat,
1189 404 1225 432 et
1244 410 1354 442 quae-

40 449 120 480 dam
141 448 185 480 de
202 448 301 486 fidei,
323 449 401 490 spei
422 451 458 480 et
476 448 610 480 amoris
629 447 843 478 notionibus
864 447 1131 489 disputaverat,
1156 447 1313 488 primum
1334 456 1355 478 a

37 505 118 536 cap.
137 496 170 527 9.
191 505 303 536 usque
328 495 372 527 ad
399 497 468 527 113.
495 505 585 539 quae
602 496 782 527 credenda
798 492 875 525 sint
891 493 1067 535 exponit,
1096 496 1240 525 servato
1258 503 1354 533 sym-

37 539 114 573 boli
135 539 333 582 apostolici
354 540 495 579 ordine,
521 538 648 572 multis
666 539 862 582 sperandis
881 543 917 571 et
935 539 1088 580 agendis
1107 539 1353 581 interpositis,

37 596 80 619 ac
107 586 228 619 varias
255 586 523 619 haereticorum
548 587 752 619 sententias
776 583 929 618 refellit.
982 584 1188 618 Secundam
1209 588 1352 628 partem

38 633 83 665 de
102 633 173 672 eis,
195 643 285 675 quae
304 633 348 666 ad
367 643 468 676 spem
486 633 695 675 pertinent,
724 633 761 665 in
780 633 958 664 orationis
978 632 1183 664 dominicae
1202 631 1354 674 exposi-

37 679 139 712 tione
163 679 382 712 brevissime
408 678 579 711 absolvit.
607 680 654 722 (c.
677 678 914 720 114.—116.)
969 677 1139 710 Tertiam
1166 682 1353 720 postremo

34 735 104 759 nec
120 736 200 758 eam
219 724 404 768 prolixam
423 726 526 758 addit
546 725 589 757 de
609 724 783 758 caritate.
803 726 851 767 (c.
876 726 949 758 117.
964 723 1058 767 sqq.)

42 1387 70 1421 C

43 1479 75 1931 000000

42 1247 70 1282 0
40 1154 69 1188 0
38 785 83 1097 9000000

180 786 382 819 Laurentio
401 791 560 828 exoptat
577 789 704 818 auctor
722 796 829 817 verae
848 785 1055 827 sapientiae
1076 784 1221 817 donum.

183 833 352 865 Hominis
371 833 593 875 sapientiam
612 842 692 864 esse
712 832 888 874 pietatem
910 830 1154 876 (θεοσέβειαν).

183 879 302 912 Deum
322 878 391 911 coli
411 879 503 916 fide,
529 889 596 921 spe
616 881 652 911 et
671 879 839 911 caritate.

183 925 426 964 Quaestiones
446 936 466 958 a
484 925 685 957 Laurentio
704 923 928 967 propositae.

180 971 399 1014 Respondet
417 972 581 1004 breviter
599 971 877 1013 quaestionibus
896 971 993 1004 istis.

180 1016 401 1056 Ἔνκῌυίδιον
419 1018 504 1060 quid
523 1019 572 1050 sit
588 1021 624 1050 et
640 1016 772 1050 valeat.

183 1063 398 1106 S-ymbolum
416 1062 660 1106 apostolicum
680 1067 717 1096 et
735 1064 938 1096 orationem
961 1063 1177 1097 dominicam
1195 1063 1357 1107 comple-

131 1111 180 1143 cti
197 1112 320 1149 fidem,
347 1122 448 1153 spem
466 1114 503 1143 et
521 1110 725 1143 caritatem.

98 789 133 1096 νφφβῳμψ

75 1179 82 1189 .
102 1159 134 1190 8.
184 1158 242 1190 De
260 1158 347 1190 fidei
367 1160 403 1190 et
420 1159 498 1200 spei
520 1157 744 1195 discrimine,
765 1160 801 1189 et
821 1157 865 1189 de
885 1157 1075 1199 utriusque
1095 1160 1131 1190 et
1150 1158 1283 1190 amoris
1302 1159 1357 1190 iu-

131 1210 238 1236 terna
256 1204 542 1237 necessitudine.

74 1273 80 1280 .
100 1251 134 1283 9.
182 1250 213 1282 I.
242 1250 337 1288 Quid
358 1252 573 1283 credendum
597 1248 644 1282 sit
668 1249 845 1292 deinceps
869 1248 1092 1292 explicatur.
1146 1249 1357 1282 Christiano

132 1298 224 1329 satis
250 1307 330 1330 esse
356 1307 475 1329 rerum
500 1297 659 1328 omnium
681 1306 843 1329 caussam
871 1297 1023 1329 credere
1051 1297 1229 1329 creatoris
1256 1297 1359 1328 boni-

132 1346 258 1376 tatem.

75 1412 83 1420 .
105 1392 157 1421 10.
185 1389 216 1422 A
242 1400 380 1422 summe
405 1389 500 1422 bona
525 1389 692 1422 trinitate
717 1392 843 1422 creata
861 1400 941 1421 esse
960 1389 1081 1421 omnia
1098 1389 1194 1421 bona
1213 1390 1360 1433 (contra

132 1435 399 1479 Manicliaeos).

77 1505 84 1512 .
105 1485 156 1514 11.
185 1482 259 1514 Cur
278 1483 378 1514 Deus
396 1483 493 1514 sinat
511 1493 591 1515 esse
609 1479 742 1514 malum
762 1481 804 1524 (i.
824 1492 854 1514 e.
872 1482 1116 1524 privationem
1132 1481 1252 1523 boni).

78 1552 85 1559 .
106 1531 159 1560 12.
190 1528 388 1561 Creaturas
414 1540 538 1560 omnes
561 1529 675 1560 bonas
703 1538 783 1561 esse
808 1539 828 1560 a
855 1530 1105 1561 summobono
1124 1528 1262 1568 factas,
1296 1529 1362 1563 sed

135 1576 219 1617 quia
236 1586 306 1607 non
325 1586 462 1607 summe
482 1576 611 1613 bonae,
638 1575 720 1607 ideo
742 1574 1006 1617 corruptibiles
1024 1586 1116 1608 esse.

79 1645 87 1652 .
107 1624 159 1653 13.
187 1620 339 1654 Nullum
359 1633 439 1654 esse
458 1620 608 1659 malum,
641 1622 670 1652 si
691 1619 829 1652 nullum
855 1622 904 1653 sit
931 1622 1083 1661 bonum3
1115 1624 1152 1656 et
1176 1621 1360 1656 hominem

135 1666 268 1700 malum
288 1679 369 1700 esse
386 1667 521 1699 malum
540 1668 684 1699 bonum.

77 1737 85 1745 .
107 1716 162 1746 14.
191 1715 329 1747 Bonum
355 1719 391 1746 et
419 1713 552 1746 malum
580 1713 668 1746 licet
693 1714 877 1746 contraria
893 1712 999 1746 simul
1020 1716 1057 1748 in
1076 1716 1204 1749 eadem
1221 1726 1260 1748 re
1280 1726 1360 1748 esse

136 1771 258 1803 posse.
309 1761 370 1793 Ex
388 1761 495 1793 bonis
514 1759 609 1792 mala
626 1764 707 1792 orta
724 1771 822 1797 esse,
848 1764 885 1793 et
902 1772 973 1793 non
992 1772 1072 1794 esse
1090 1763 1160 1795 nisi
1181 1763 1217 1794 in
1242 1763 1359 1794 bonis.

80 1831 87 1838 .
110 1809 164 1839 15.
193 1808 295 1840 Haec
313 1818 383 1839 non
401 1818 482 1840 esse
502 1808 688 1840 contraria
707 1807 856 1839 Domini
877 1807 996 1840 dicto:
1031 1820 1137 1846 „non
1163 1812 1287 1851 potest
1303 1819 1360 1841 ar-

135 1854 316 1886 borbona
332 1854 474 1886 fructus
493 1852 607 1886 malos
626 1854 787 1886 facere.“

80 1923 86 1930 .
109 1902 161 1932 16.
188 1899 272 1932 Non
292 1900 479 1943 pertinere
499 1900 542 1932 ad
562 1898 781 1933 felicitatem
803 1902 1093 1942 consequendam
1109 1926 1117 1940 ,
1145 1902 1240 1934 scire
1260 1912 1362 1933 caus·

138 1957 196 1979 sas
214 1957 424 1987 magnarum
442 1947 479 1978 in
497 1947 630 1978 mundo
650 1944 894 1988 corporalium
915 1948 1132 1985 motionum3
1161 1948 1225 1980 sed
1250 1948 1362 1979 bona—

138 2003 218 2025 rum
235 1996 273 2025 et
290 1991 464 2025 malarum
481 2003 602 2025 rerum
622 2003 770 2025 caussas
788 1994 932 2026 novisse
950 2006 1015 2027 nos
1035 1998 1222 2037 oportere.

83 2062 90 2070 .
111 2041 164 2072 1‘1.
197 2039 293 2077 Quid
313 2039 361 2072 sit
376 2050 478 2072 error
503 2043 539 2071 et
563 2050 701 2071 errare.
752 2038 939 2082 Exemplo
966 2041 1256 2079 demonstratur,
1292 2051 1362 2071 non

140 2096 282 2118 omnem
300 2096 460 2118 errorem
479 2096 559 2118 esse
576 2086 727 2118 noxium
740 2109 748 2123 ,
783 2097 890 2127 quem
909 2090 1009 2119 recte
1039 2098 1163 2120 omnes
1189 2092 1363 2129 quantum

140 2134 297 2175 possunt
316 2132 489 2164 devitant.

82 2203 90 2211 .
112 2181 165 2211 18.
194 2179 423 2211 Mendacium
450 2189 554 2210 omne
579 2189 659 2211 esse
687 2183 898 2221 peccatum,
926 2180 991 2213 sed
1009 2179 1109 2213 aliud
1127 2178 1200 2213 alio
1220 2181 1364 2222 gravius

141 2226 289 2269 (contra
307 2223 650 2266 Priscillianus-tas).
1252 2233 1267 2242 ³
