1503 2465
206 126 287 167 DE
318 126 623 168 DOCTRINA
654 128 887 172 CHRIST.
945 131 1058 173 LIB.
1090 132 1165 174 IV.
1264 134 1342 174 143

27 211 175 253 discat
198 211 517 252 instruendus3
552 212 696 253 Porro
718 227 851 267 quum
869 216 1079 256 laudatur
1098 216 1221 257 Deus
1246 218 1341 258 sive

26 267 82 307 de
102 279 152 307 se
172 268 290 320 ipso,
325 269 421 307 sive
440 268 494 308 de
515 270 727 321 operibus
747 271 862 321 suis,
899 278 1066 325 quanta
1085 272 1227 313 facies
1247 274 1341 326 pul-

24 321 160 362 chrae
180 335 231 362 ac
250 323 514 375 splendidae
535 325 749 364 dictionis
771 326 978 367 oboritur
996 328 1058 377 ei,
1095 330 1169 381 qui
1190 334 1342 381 potest

25 383 237 431 quantum
258 384 410 430 potest
429 379 635 430 laudare,
665 393 811 433 quem
837 395 984 423 nemo
1015 385 1338 425 convenien-

23 439 108 473 ter
135 433 342 484 laudat,
378 447 528 474 nemo
555 437 1058 491 quomodocumque
1092 452 1190 479 non
1225 441 1340 480 lau-

27 488 138 529 dat!
169 490 225 529 At
250 489 290 529 si
314 501 405 529 non
431 491 631 541 colatur,
667 499 744 532 aut
761 506 859 532 cum
879 494 959 534 illo
980 501 1056 534 aut
1076 496 1211 535 etiam
1231 509 1340 549 prae

24 544 107 584 illo
127 546 336 585 colantur
352 545 492 596 idola,
520 547 615 586 sive
637 547 891 599 daemonia,
917 550 1010 590 sive
1031 563 1340 605 quaecumque

27 606 257 650 creatura,
289 606 503 654 quantum
527 601 614 643 hoc
637 605 803 644 malum
829 607 907 653 sit,
944 613 1081 658 atque
1108 612 1156 646 ut
1180 607 1235 647 ab
1255 606 1339 647 hoc

26 656 146 696 malo
163 661 424 711 avertantur
438 656 658 708 homines,
671 659 808 700 debet
824 661 979 714 utique
993 662 1342 715 granditerdici.

83 711 130 751 C.
152 712 252 751 XX.
310 712 623 754 Submissae
654 716 926 757 dictionis
953 719 1253 770 exemplum
1273 725 1344 758 est

25 767 146 820 apud
165 768 421 822 apostolum
442 769 630 809 Paulum
644 801 654 820 ,
688 777 738 811 ut
755 772 931 823 planius
952 774 1123 827 aliquid
1150 787 1342 814 comme-

24 835 219 873 morem,
248 824 324 863 ubi
348 824 411 864 ait
426 826 487 874 l):
517 823 666 866 Dicite
684 827 804 877 milei,
830 828 905 868 sab
924 829 1017 883 lege
1037 831 1219 870 volentes
1239 843 1340 878 esse,

25 879 164 932 legem
182 892 267 919 non
286 880 496 920 audistis?
518 881 738 935 Scriptum
757 890 821 923 est
837 884 962 933 enim,
985 886 1101 938 qaod
1116 885 1342 926 Abraham

26 934 130 974 daos
143 934 266 988 filios
291 935 463 984 habuit,
488 950 621 977 anam
641 938 690 978 de
708 939 886 989 ancilla,
913 948 955 980 et
974 954 1103 980 anam
1122 941 1338 982 delibera.

26 989 113 1029 Sed
126 990 207 1039 ille,
221 990 297 1043 qai
312 992 360 1031 de
378 991 549 1041 ancilla,
568 995 800 1034 secandam
815 1008 990 1036 carn-em
1011 1004 1138 1037 natas
1159 1003 1248 1046 est,·
1268 998 1343 1051 qai

26 1053 170 1085 aatem
190 1046 238 1086 de
256 1046 404 1096 libera,
419 1061 500 1100 per
517 1050 907 1102 repromissionem.
958 1051 1079 1102 Qaae
1096 1060 1198 1093 sant
1216 1053 1262 1093 in
1280 1055 1340 1093 al-

27 1101 210 1154 legoria.
273 1101 395 1143 Haec
415 1103 525 1143 enim
544 1112 645 1145 sant
663 1106 744 1145 dao
773 1114 1055 1148 testamenta.-
1089 1122 1220 1149 anam
1247 1109 1338 1163 qai-

28 1157 121 1196 dem
147 1170 172 1197 a
200 1166 342 1198 monte
368 1159 474 1199 Sina
506 1160 552 1200 in
583 1161 831 1202 servitutem
860 1176 1103 1217 generans,
1140 1178 1248 1218 qaae
1280 1172 1345 1206 est

29 1212 169 1266 Agar.
231 1213 337 1254 Sina
357 1214 467 1254 enim
485 1229 605 1256 mons
629 1217 754 1258 estin
772 1218 959 1267 Arabia,
991 1220 1065 1272 qai
1087 1220 1342 1261 coniunctus

29 1271 144 1319 est2)
164 1268 283 1318 lucie,
306 1284 414 1323 qaae
433 1285 545 1311 nunc
564 1279 628 1312 est
645 1272 899 1323 Ierusalem,
924 1282 964 1314 et
981 1276 1114 1315 servit
1131 1277 1342 1331 camfiliis

28 1324 128 1363 sais.
194 1323 316 1374 Qaae
341 1333 484 1366 antem
515 1341 684 1368 sarsam
718 1337 781 1369 est
804 1329 1063 1380 Ierusalem,
1097 1331 1233 1372 libera
1266 1339 1341 1382 est,

30 1393 139 1432 qaae
158 1388 221 1420 est
237 1388 377 1421 mater
395 1390 565 1432 nostra,
598 1391 642 1424 et
663 1391 829 1425 cetera.
888 1386 1091 1440 Itemque
1110 1388 1185 1427 ubi
1204 1389 1342 1428 ratio-

29 1436 206 1475 cinatur
226 1443 270 1476 et
290 1437 401 1477 dicit
415 1437 475 1489 ³):
508 1438 713 1489 Fratres,
739 1442 968 1481 secandam
990 1443 1207 1483 hominem
1224 1444 1342 1484 dico:

29 1497 174 1531 tamen
206 1492 392 1533 hominis
426 1495 730 1549 confirmatam
764 1504 1065 1539 testamentum
1093 1512 1214 1539 nemo
1237 1497 1341 1540 irri-

29 1552 120 1586 tam
135 1547 280 1602 facit,
314 1556 392 1589 αιιι·
422 1563 550 1603 saper
582 1551 770 1593 ordinat.
831 1553 1038 1594 Abrahae
1070 1554 1211 1595 dictae
1243 1562 1346 1595 sant

21 1603 353 1655 promissiones,
388 1613 431 1645 et
453 1606 606 1646 semini
631 1607 734 1648 eias.
795 1608 895 1649 Non
913 1609 1040 1650 dicit.-
1075 1618 1157 1660 „et
1171 1610 1340 1651 semini-

29 1658 150 1708 bas“,
171 1666 393 1713 tamqnam
410 1661 456 1700 in
477 1662 632 1712 mallis,
657 1664 731 1704 sed
748 1671 968 1718 tamquam
986 1666 1029 1706 in
1050 1679 1160 1707 ano.-
1186 1673 1263 1716 „et
1276 1680 1339 1707 se-

27 1714 136 1754 mini
153 1719 274 1766 tao“,
298 1718 413 1769 qaod
430 1725 493 1757 est
512 1717 724 1759 Chris-tas.
785 1719 883 1761 Hoc
901 1730 1044 1762 antem
1065 1722 1183 1763 dico:
1210 1729 1338 1763 testa-

27 1778 218 1811 mentum
235 1771 542 1826 confirmatam
562 1788 587 1814 a
607 1773 701 1815 Deo
714 1805 725 1824 ‚
758 1790 865 1829 qaae
876 1785 981 1830 post
997 1778 1340 1831 quadringentos

28 1832 71 1865 et
94 1826 282 1876 triginta
310 1841 446 1868 annos
463 1829 598 1885 facta
626 1838 689 1870 esc·
710 1832 798 1881 Iex,
830 1846 915 1872 ηοιι
940 1833 1139 1888 infirmat·
1161 1835 1218 1874 ad
1241 1848 1336 1874 eva-

28 1883 219 1922 caandas
231 1883 554 1936 promissiones.
617 1886 666 1925 Si
682 1886 793 1926 enim
812 1902 863 1928 ex
880 1890 972 1941 lege
991 1889 1226 1939 hereditas,
1253 1890 1341 1929 iam

27 1950 116 1978 non
135 1951 186 1978 ex
197 1939 500 1991 promissione.
561 1941 766 1983 Abrahae
785 1951 929 1984 (actem
946 1958 1024 1997 per
1041 1945 1337 1998 repromissio-

28 2006 126 2033 nem
161 1994 336 2034 donavit
364 1994 495 2035 Dens.
558 1997 615 2037 Et
645 1999 752 2051 quia
781 2012 1019 2040 occurrere
1055 2007 1234 2054 poterat
1267 2014 1342 2040 au-

31 2049 199 2090 dientis
226 2051 515 2104 cogitationi:
548 2059 596 2092 ut
614 2053 721 2107 quid
748 2066 857 2109 ergo
885 2056 963 2096 lex
981 2056 1086 2097 data
1111 2064 1200 2107 est,
1227 2057 1264 2097 si
1286 2069 1342 2098 ex

83 2185 118 2226 1)
141 2181 221 2216 Gal.
241 2187 272 2223 4,
292 2189 346 2218 21.
366 2197 416 2218 ss,
466 2185 502 2228 2)
524 2186 592 2224 „In
612 2187 698 2220 Mss·
717 2186 794 2222 fere
813 2190 996 2223 omnibns:
1026 2202 1120 2237 quae
1139 2189 1343 2225 coniuncta

35 2235 127 2264 est.“
153 2231 242 2264 Bou.
293 2232 331 2276 3)
352 2231 432 2266 Gal.
450 2235 483 2272 3,
510 2235 561 2266 15.
580 2245 627 2267 ss.
