1503 2465
306 104 701 147 ENCHIRIDION
730 106 808 147 AD
835 106 1128 148 LAURENT.
1295 107 1370 148 191

60 202 148 230 non
166 190 343 244 implet3
366 203 444 230 cur
463 203 551 230 non
577 195 622 230 et
643 203 665 230 e
687 192 916 231 contrario
936 197 1059 232 recte
1080 192 1262 233 dicitur:
1283 205 1372 232 non

58 246 316 286 miserentis
337 253 407 286 est
426 246 534 296 Dei,
561 246 642 286 sed
660 247 854 287 volentis
875 254 944 287 est
962 247 1179 298 hominis,
1205 249 1309 302 quia
1327 248 1371 288 id

57 302 374 342 misericordia
396 301 482 342 Dei
517 302 617 342 sola
645 315 733 342 non
760 303 941 355 implet}
987 303 1131 343 Porro
1158 304 1195 343 si
1223 304 1372 344 nullus

59 355 345 397 Christianus
367 357 518 397 dicere
548 357 751 398 audebit:
784 371 872 398 non
898 360 1155 399 miserentis
1181 368 1250 399 est
1268 359 1372 409 Dei,

57 413 138 451 sed
171 413 368 452 volentis
403 419 472 452 est
504 412 720 464 hominis,
757 425 810 453 ne
845 415 1054 466 apostolo
1086 416 1372 468 apertissime

57 468 361 519 contradicat3
394 474 555 516 restat,
586 474 633 508 ut
649 476 893 522 propterea
912 477 1034 510 reete
1055 471 1224 510 dictum
1241 471 1372 510 intel-

56 523 245 576 ligatur:
281 537 366 564 non
386 524 586 574 volentis,
619 539 755 578 neque
775 526 1007 575 currentis,
1042 527 1116 566 sed
1132 527 1372 566 miserentis

56 586 119 618 est
136 578 234 628 Dei,
260 585 310 619 ut
326 585 470 620 totum
489 580 588 620 Deo
611 581 756 630 detur,
781 582 853 633 qui
878 580 1070 621 hominis
1090 583 1371 622 voluntatem

55 635 220 674 bonam
254 641 299 675 et
322 642 561 689 praeparat
586 637 882 676 adiuvandam
907 643 952 677 et
981 638 1164 677 adiuvat
1186 650 1370 691 praepa-

54 696 212 730 ratam.
229 692 235 697 “
251 691 491 731 Praecedit
511 692 628 731 enim
648 693 769 732 bona
786 694 994 733 voluntas
1015 693 1208 734 hominis
1229 695 1372 734 muita

54 745 142 786 Dei
160 746 292 794 dona,
313 748 392 787 sed
412 761 499 786 non
521 748 695 797 omnia3
728 760 841 801 quae
862 755 1008 788 autem
1029 762 1116 789 non
1136 750 1372 802 praecedit

54 802 167 853 ipsa,
189 802 234 841 in
256 804 321 842 eis
344 809 413 842 est
431 809 476 843 et
494 804 605 855 ipsa.
641 802 752 843 Nam
766 810 1002 858 utrumque
1023 805 1190 858 legitur
1207 808 1250 846 in
1272 819 1370 846 san-

56 858 141 896 ctis
157 857 367 911 eloquiis,
388 865 450 899 et:
472 857 775 899 Misericordia
789 859 876 899 eius
888 861 1282 912 praevenietmffl),
1304 868 1369 901 et:

57 910 363 953 Misericordia
383 915 471 954 eins
492 915 774 967 subsequetur
793 929 870 955 me.
886 920 925 966 ²)
985 916 1224 956 Nolentem
1245 929 1370 970 prae-

55 969 193 1017 venit,
214 974 263 1008 ut
279 971 406 1020 velit3
426 971 655 1010 volentem
674 971 1045 1025 subsequitur‚ne
1065 971 1367 1013 frustravelit.

59 1024 149 1063 Cur
181 1026 298 1064 enim
334 1026 680 1076 admonemurss)
708 1039 837 1067 orare
864 1040 944 1080 pro
975 1029 1170 1068 inimicis
1201 1030 1370 1069 nostris

58 1079 215 1133 utique
247 1081 508 1121 nolentibus
542 1084 614 1135 pie
640 1082 816 1132 vivere,
850 1084 937 1122 nisi
973 1089 1020 1123 ut
1044 1083 1168 1124 Deus
1200 1087 1245 1125 in
1278 1085 1371 1124 illis

60 1141 275 1188 operetur
295 1144 339 1176 et
362 1138 502 1177 vellent
535 1139 731 1191 itemque
752 1152 830 1178 cur
850 1139 1194 1191 admonemur4)
1216 1147 1371 1193 petere

58 1197 109 1230 ut
132 1192 427 1245 accipiamus,
467 1195 553 1234 nisi
578 1200 625 1233 ut
648 1196 702 1235 ab
726 1196 806 1235 illo
832 1195 909 1234 fiat
934 1195 1053 1248 quod
1082 1197 1307 1246 volumus,
1348 1209 1375 1236 a

60 1259 148 1300 quo
168 1246 336 1288 factum
357 1254 440 1298 est,
459 1254 508 1288 ut
527 1250 741 1290 velimus}
776 1250 965 1290 Oramus
986 1263 1095 1304 ergo
1123 1265 1203 1305 pro
1227 1253 1372 1292 inimi-

61 1304 125 1342 cis
147 1305 329 1354 nostris,
351 1311 397 1344 ut
416 1306 731 1345 misericordia
747 1307 833 1345 Dei
854 1308 1114 1359 praeveniat
1133 1320 1228 1357 eos,
1257 1310 1374 1348 sicut

59 1360 293 1411 praevenit
311 1366 355 1399 et
375 1373 476 1410 nos3
510 1374 688 1401 oramus
710 1369 858 1402 autem
884 1375 963 1415 pro
991 1363 1142 1413 nobis,
1168 1370 1218 1404 ut
1241 1364 1373 1404 mise-

0 1434 1 1449 1
58 1414 260 1454 ricordia
278 1417 374 1455 eius
395 1418 697 1470 subsequatur
720 1432 816 1457 nos,

115 1470 162 1509 C.
188 1470 396 1510 XXXIII.
458 1473 717 1513 Tenebatur
749 1476 900 1527 itaque
934 1476 1054 1514 iusta
1085 1474 1371 1515 damnatione

59 1537 202 1578 genus
228 1525 488 1576 humanum,
525 1534 570 1567 et
597 1542 751 1569 omnes
778 1536 905 1570 erant
924 1531 1016 1569 irae
1038 1530 1134 1570 filii.
1194 1530 1262 1570 De
1285 1543 1373 1582 qua

57 1581 127 1620 ira
147 1583 232 1622 scri
242 1589 360 1635 ptum
382 1583 524 1632 est⁵):
548 1582 764 1632 Quoniam
782 1598 923 1625 omnes
944 1585 1029 1625 dies
1047 1586 1189 1626 nostri
1205 1585 1371 1639 defece-

57 1645 174 1685 runt,
208 1646 249 1677 et
265 1638 310 1677 in
328 1638 396 1678 ira
416 1645 490 1678 tua
509 1638 769 1694 deflemus,-
801 1640 905 1680 anni
925 1641 1064 1681 nostri
1079 1641 1192 1681 sicut
1208 1655 1372 1682 aranea

57 1693 395 1734 meditabantur.
458 1694 525 1733 De
547 1708 634 1747 qua
659 1698 726 1736 ira
746 1697 856 1736 «licit
881 1698 1014 1736 etiam
1035 1697 1113 1737 lob
1130 1697 1192 1746 6):
1227 1696 1371 1737 Homo

59 1748 168 1788 enim
195 1757 322 1789 natus
347 1764 398 1790 ex
423 1750 598 1791 muliere
625 1752 760 1792 brevis
784 1752 896 1792 vitae
915 1754 1117 1806 el'plemcs
1134 1753 1241 1793 irae.
1302 1753 1371 1794 De

59 1816 148 1856 qua
165 1805 233 1845 ira
251 1806 361 1846 dicit
380 1812 423 1845 et
443 1806 649 1847 dominus
670 1809 793 1848 lesus
811 1809 870 1859 ⁷):
902 1808 989 1859 Qui
1005 1808 1143 1848 credit
1157 1808 1370 1863 ini-filium,

59 1858 189 1899 habet
208 1860 339 1901 vitam
355 1869 605 1911 aeternamm·
635 1864 710 1916 qni
732 1872 875 1904 nectem
903 1878 987 1904 nou
1005 1865 1140 1904 credit*
1156 1864 1370 1919 insiliam,

58 1927 146 1955 non
164 1916 442 1957 habeti-«itam
466 1917 755 1973 [aelernam]‚
779 1921 854 1960 sed
874 1919 942 1959 ira
964 1919 1048 1960 Dei
1072 1928 1218 1960 umnec
1243 1934 1372 1973 snper

61 1984 169 2011 eum.
229 1972 329 2012 Non
349 1976 430 2013 ait:
460 1975 632 2025 veniet,
656 1977 759 2016 sed:
790 1983 1076 2029 manet-super
1091 1989 1197 2016 eum.
1259 1976 1369 2016 Cum

112 2111 307 2149 11il’s.:›9,
338 2116 387 2144 ιι.
439 2113 475 2152 2)
496 2112 557 2145 Ps.
578 2116 638 2153 23,
663 2115 693 2146 6.
743 2114 780 2156 3)
800 2115 889 2148 Mat.
908 2118 945 2153 5,
972 2117 1027 2148 44.
1078 2116 1116 2157 4)
1138 2116 1223 2148 Mat.
1245 2117 1324 2153 7,·1.
1344 2125 1374 2148 s.

62 2154 99 2194 5)
124 2157 182 2188 l’s.
203 2160 257 2194 89,
277 2161 308 2190 9.
328 2169 398 2190 sec.
418 2158 542 2190 Lxx.
584 2162 620 2202 6)
642 2160 682 2194 C.
702 2163 753 2199 14,
777 2165 805 2194 1.
846 2161 884 2204 7)
904 2161 983 2194 loh.
1003 2165 1034 2198 3,
1055 2164 1110 2195 36.
1139 2163 1232 2195 Sunt
1252 2162 1375 2204 potius

60 2203 173 2235 verba
192 2203 366 2237 Iohannis
386 2205 583 2247 baptistae.
