1503 2465
108 113 188 154 134
469 109 705 151 AURELH
734 105 1053 150 AUGUSTINI

110 198 193 238 dus
214 201 296 245 est,
317 207 342 234 a
360 206 446 247 quo
466 194 725 234 intellectus
744 205 829 231 non
850 198 933 231 est.
967 191 1014 232 Si
1032 203 1137 230 vero
1159 188 1416 229 intellectus

112 261 202 300 est,
223 262 503 304 quocumque
525 250 659 288 modo
683 248 861 297 dixerit,
882 247 1009 286 dixit.
1073 245 1204 294 Quod
1223 245 1258 284 si
1282 244 1419 283 etiam

113 307 343 348 delectare
372 306 465 344 vult
493 317 614 352 eum,
640 304 710 343 cui
730 304 858 352 dicit,
881 309 956 342 aut
976 301 1181 349 flectere,
1204 313 1290 339 non
1311 311 1418 351 quo-

113 374 302 415 cumque
323 361 454 399 modo
477 359 820 408 dixe1·it‚faciet,
848 358 926 398 sed
948 358 1150 405 interest,
1177 369 1264 408 quo
1283 354 1419 394 modo

113 418 235 458 dicat
249 423 293 456 ut
305 416 457 455 saciat.
486 415 612 455 Sicut
626 420 695 454 est
709 420 855 454 autem
874 420 922 452 ut
940 418 1146 452 teneatur
1165 411 1220 450 ad
1239 410 1420 450 audien·

115 473 218 513 dum
241 470 533 511 delectandus
553 470 747 518 auditor,
766 470 829 508 ita
845 468 1107 516 flectendus,
1128 473 1175 506 ut
1188 470 1422 506 moveatur

114 528 171 568 ad
188 527 425 581 agendum.
489 526 541 564 Et
560 526 675 565 sicut
694 525 964 572 delectatur,
994 524 1028 563 si
1050 524 1249 563 suaviter
1265 521 1420 573 loqua-

113 585 193 632 ris,
212 585 277 622 ita
294 582 506 630 flectitur,
527 581 564 620 si
585 587 701 620 amet
721 580 839 633 quod
859 579 1105 632 polliceris,
1125 579 1282 617 timeat
1300 574 1421 629 quod

114 638 320 687 minaris,
356 637 503 677 oderit
522 637 640 688 quod
668 637 840 688 arguis,
879 636 997 687 quod
1028 633 1311 674 commendas
1333 644 1422 670 am-

115 695 362 748 plectatur,
399 692 518 744 quod
538 691 779 730 dolendum
805 703 1054 743 exaggeras
1080 689 1253 737 doleat,
1289 698 1424 739 quum

119 749 226 803 quid
252 749 509 788 laetandum
534 747 768 800 praedicas
799 746 1015 799 gaudeat,
1050 746 1317 785 misereatur
1350 754 1425 781 eo-

115 817 231 853 rum,
247 817 358 857 quos
377 803 658 842 miserandos
674 808 774 842 ante
791 802 948 841 oculos
963 801 1152 841 dicendo
1170 799 1424 845 constituis,

118 859 266 912 fugiat
280 872 373 907 eos,
391 871 502 910 quos
523 858 747 897 cavendos
762 858 972 897 terrendo
995 856 1221 910 proponis,
1242 853 1426 906 etquid-

122 916 228 969 quid
248 914 369 953 aliud
389 913 547 967 grandi
567 914 829 966 eloquentia
847 913 944 952 fieri
969 917 1122 965 potest
1148 911 1204 950 ad
1231 920 1426 950 commo-

119 970 291 1011 vendos
312 970 484 1009 animos
505 969 782 1017 auditorum,
820 981 908 1007 non
929 968 1034 1020 quid
1054 967 1273 1020 agendum
1298 966 1356 1004 sit
1380 968 1429 1003 ut

121 1028 288 1074 sciant,
318 1026 397 1065 sed
422 1031 472 1064 ut
497 1029 633 1077 agant
652 1024 770 1076 quod
799 1025 1018 1076 agendum
1039 1035 1139 1063 esse
1160 1023 1245 1061 iam
1266 1021 1426 1060 sciunt.

123 1082 170 1122 Si
195 1088 342 1120 autem
363 1080 508 1120 adhuc
536 1080 759 1127 nesciunt,
785 1081 908 1131 prius
934 1081 1088 1131 utique
1109 1076 1298 1116 docendi
1324 1079 1427 1115 sunt

123 1150 253 1191 quam
277 1136 499 1175 movendi.
564 1136 618 1174 Et
640 1134 836 1175 fortasse
864 1135 997 1174 rebus
1024 1134 1132 1187 ipsis
1152 1132 1346 1185 cognitis
1365 1132 1430 1169 ita

121 1192 440 1240 movebuntur,
467 1197 515 1230 ut
534 1203 612 1230 eos
631 1203 719 1230 non
742 1203 853 1243 opus
872 1191 930 1229 sit
947 1189 1192 1229 maioribus
1217 1187 1428 1239 eloquen-

120 1251 214 1289 tiae
247 1248 417 1286 viribus
448 1247 537 1286 iam
569 1247 753 1285 moveri.
815 1245 948 1293 Quod
979 1251 1127 1285 tamen
1156 1256 1287 1296 quum
1318 1254 1429 1293 opus

124 1311 214 1353 est,
248 1303 502 1343 faciendum
526 1308 608 1341 est.
668 1302 796 1341 Tunc
816 1306 963 1340 autem
985 1314 1096 1353 opus
1117 1306 1208 1349 est,
1236 1297 1430 1351 quando,

124 1372 259 1413 quum
280 1359 466 1398 scierint
485 1357 591 1410 quid
610 1357 831 1409 agendum
850 1357 931 1405 sit,
957 1369 1046 1395 non
1065 1360 1215 1408 agunt.
1275 1354 1335 1393 Ac
1351 1364 1433 1406 per

123 1415 211 1455 hoc
230 1414 395 1454 docere
416 1413 702 1453 necessitatis
727 1417 809 1452 est.
869 1411 1067 1451 Possunt
1092 1411 1206 1453 enim
1226 1408 1431 1448 homines

125 1478 170 1511 et
195 1481 331 1523 agere
356 1474 401 1509 et
424 1482 511 1508 non
543 1480 677 1521 agere
703 1468 822 1521 quod
849 1469 1010 1507 sciunt.
1071 1467 1181 1514 Quis
1201 1470 1347 1504 autem
1368 1463 1430 1502 di-

124 1527 244 1567 xerit
271 1537 351 1565 eos
379 1536 513 1578 agere
540 1523 704 1564 debere
731 1523 851 1576 quod
875 1522 1108 1564 nesciunt}
1140 1522 1197 1560 Et
1222 1520 1325 1559 ideo
1355 1518 1430 1557 sse-

125 1591 247 1621 ctere
269 1581 557 1620 necessitatis
578 1591 667 1618 non
686 1584 767 1628 est,
795 1579 1004 1631 quianon
1023 1589 1198 1629 semper
1217 1589 1327 1628 opus
1348 1579 1430 1623 est,

122 1638 161 1676 si
185 1642 357 1676 tantum
377 1635 561 1674 docenti
586 1635 658 1674 vel
682 1636 816 1674 etiam
841 1633 1085 1673 delectanti
1110 1631 1336 1671 consentit
1352 1642 1426 1669 au-

122 1692 257 1732 ditor.
316 1691 423 1730 Ideo
445 1698 593 1729 autem
619 1690 839 1730 victoriae
868 1695 936 1728 est
961 1687 1167 1737 flectere,
1198 1687 1306 1739 'quia
1328 1685 1427 1724 fieri

119 1752 286 1801 potest,
305 1751 353 1785 ut
374 1746 593 1786 doceatur
611 1751 655 1784 et
673 1745 937 1792 delectetur,
959 1749 1003 1783 et
1021 1756 1108 1783 non
1130 1741 1423 1782 adsentiatur.

124 1802 242 1851 Quid
260 1807 406 1841 autem
429 1801 510 1840 illa
528 1801 614 1840 duo
636 1800 896 1852 proderunt,
924 1799 961 1838 si
982 1800 1099 1839 desit
1117 1797 1202 1837 hoc
1219 1797 1323 1837 terti
1333 1795 1427 1835 um?

122 1858 211 1898 Sed
232 1869 375 1909 neque
396 1856 624 1895 delectare
642 1856 928 1895 necessitatis
949 1860 1031 1903 est,
1051 1853 1227 1906 quando
1248 1851 1426 1905 quidem

122 1926 254 1966 quum
267 1911 456 1952 dic-endo
473 1923 579 1950 vera
597 1916 913 1958 monstrantur,
932 1910 1051 1962 quod
1062 1909 1117 1948 ad
1137 1909 1331 1948 officium
1350 1906 1427 1945 do-

124 1969 255 2008 cendi
277 1967 484 2020 pertinet,
513 1979 600 2005 non
619 1966 800 2018 eloquio
820 1965 985 2018 agitur,
1007 1976 1152 2016 neque
1172 1962 1259 2003 hoc
1277 1962 1429 2001 adten-

125 2024 269 2072 ditur,
294 2028 342 2062 ut
360 2022 433 2061 vel
450 2023 570 2074 ipsa,
597 2021 668 2060 vel
685 2022 827 2074 ipsum
848 2021 1043 2059 delectet
1063 2019 1313 2072 eloquium,
1348 2016 1429 2056 sed

124 2091 206 2131 per
237 2090 284 2118 se
318 2078 436 2129 ipsa,
472 2077 681 2128 quoniam
708 2088 814 2114 vera
840 2081 965 2124 sunt,
998 2074 1286 2114 manifestata
1309 2072 1429 2111 dele-

126 2140 263 2173 ctant.
323 2132 449 2172 Unde
469 2132 729 2185 plerumque
758 2131 985 2170 delectant
1009 2132 1142 2170 etiam
1168 2128 1284 2168 falsa
1308 2137 1430 2180 pate-

127 2189 249 2230 facta
279 2194 411 2241 atque
441 2188 660 2228 convicta.
722 2186 878 2240 Neque
903 2186 1019 2226 enim
1052 2185 1297 2233 delectant,
1325 2184 1429 2237 quia
