1503 2465
113 107 137 146 6
469 108 705 149 AURELH
736 109 1056 151 AUGUSTN

112 196 174 238 ut,
203 190 427 242 quomodo
444 191 539 240 ille,
568 193 642 244 qui
669 193 823 245 legere
852 195 991 243 novit,
1018 196 1107 236 alio
1134 196 1305 235 lector(-
1332 212 1418 237 non

112 245 307 297 indiget,
339 259 469 297 quum
493 248 697 287 codicem
717 249 959 297 invenerit,
995 262 1124 302 aquo
1145 253 1297 291 audiat
1315 253 1421 305 quid

112 300 175 339 ibi
194 303 407 353 scriptum
428 303 500 350 sit,
523 304 586 343 sic
606 303 791 356 iste,qui
814 310 1056 357 praecepta
1075 319 1185 358 quae
1208 320 1420 347 conamur

113 356 292 395 tradere
313 358 554 409 acceperit,
576 372 706 412 quum
725 361 768 398 in
788 359 915 398 libris
937 361 1104 412 aliquid
1128 362 1418 403 obscuritatis

110 412 355 459 invenerit,
382 413 595 464 quasdam
621 414 805 467 regulas
834 414 974 454 veluti
1002 416 1157 455 literas
1179 423 1335 456 tenens
1355 419 1418 458 in-

112 466 395 506 tellectorem
415 468 548 507 alium
568 483 656 508 non
686 470 906 522 requirat,
936 483 1015 522 per
1036 484 1164 524 quem
1193 473 1275 512 sibi
1297 475 1418 526 quod

113 528 317 574 opertum
347 528 416 561 est
441 528 696 576 retegatur,
730 526 810 564 sed
832 525 1094 578 quibusdum
1121 529 1325 580 vestigiis
1354 531 1418 567 in-

111 578 287 629 dagatis
326 577 380 616 ad
405 580 632 619 occultum
662 593 842 619 sensum
870 582 966 620 sine
1000 582 1094 622 ullo
1133 595 1286 622 errore
1321 585 1417 636 ipsc

108 634 367 684 perveniat,
396 639 472 673 aut
496 640 619 674 certe
646 636 690 674 in
716 636 1039 676 absurditatem
1059 651 1220 690 pravae
1242 645 1418 678 sentcn-

110 688 200 726 tiae
226 700 315 727 non
339 689 523 730 incidat.
585 690 870 744 Quapropter
890 705 1152 745 quamquam
1180 702 1223 732 et
1247 694 1293 734 in
1318 695 1416 747 ipso

112 755 247 796 opere
267 744 377 783 satis
396 745 612 797 adparere
632 746 798 799 possit,
827 745 929 786 huic
950 749 1153 787 officioso
1178 749 1320 789 labori
1342 764 1417 788 no-

111 804 205 838 stro
224 811 312 838 non
333 805 456 838 recte
476 801 668 853 aliquem
691 803 1020 851 contradicere,
1041 808 1188 843 tamen
1209 807 1244 844 si
1269 803 1416 844 liuius-

109 855 232 893 modi
252 857 486 907 prooemio
508 857 785 908 quibuslibet
803 858 1127 898 obsistentibus
1149 862 1416 899 convenien-

109 916 180 949 ter
198 911 375 949 videtur
394 923 493 950 esse
512 924 793 965 responsum,
826 912 955 952 huius
976 915 1090 962 viae,
1117 927 1246 967 quam
1266 917 1309 955 in
1333 915 1417 955 hoc

111 966 226 1005 libro
246 966 423 1019 ingredi
443 968 663 1018 volumus,
688 969 778 1008 tale
799 969 928 1008 nobis
952 970 1149 1010 occurrit
1166 971 1413 1010 exordium.

461 1157 697 1196 LIBER
757 1157 1066 1202 PRIMUS.

166 1257 322 1296 CAPUT
351 1256 383 1296 Ι.
444 1233 595 1296 Ῑ)ιιειθ
619 1260 722 1294 sunt
762 1267 850 1305 res,
886 1258 1045 1311 quibus
1080 1258 1237 1298 nititur
1272 1260 1415 1299 omnis

110 1313 321 1353 tractatio
351 1313 693 1366 scripturarum:
725 1312 907 1352 modus
931 1314 1255 1354 inveniendi
1283 1326 1416 1366 quae

109 1368 480 1420 intelligenda
535 1372 684 1415 sunt,
747 1373 801 1407 et
853 1369 1038 1409 modus
1095 1368 1418 1422 proferendi

111 1436 241 1478 quae
275 1423 566 1463 intellecta
592 1427 727 1461 sunt.
788 1422 856 1463 De
883 1425 1152 1465 inveniendo
1179 1425 1324 1477 prius,
1360 1426 1415 1464 de

109 1479 384 1534 proferendo
410 1484 571 1532 postea
591 1478 877 1519 disseremus.
939 1481 1150 1534 Magnum
1177 1494 1287 1534 opus
1306 1483 1341 1531 ι)
1372 1485 1417 1520 et

111 1536 319 1584 arduum,
349 1540 394 1574 et
413 1536 449 1575 si
469 1535 524 1574 ad
543 1535 852 1574 sustinendum
875 1536 1078 1585 difficile,
1103 1548 1266 1575 vereor
1282 1548 1336 1576 ne
1360 1535 1418 1575 ad

112 1591 446 1643 suscipiendum
465 1589 774 1630 temerarium!
797 1590 865 1630 Ita
882 1604 1004 1639 sane,
1025 1592 1060 1630 si
1081 1593 1135 1632 de
1156 1592 1285 1631 nobis
1304 1593 1415 1644 ipsis

110 1659 513 1699 praesumeremus.
576 1643 703 1684 Nune
737 1657 840 1685 vero
869 1659 1000 1699 quum
1034 1648 1079 1686 in
1113 1648 1189 1686 illo
1223 1647 1282 1686 sit
1313 1659 1416 1700 spes

109 1702 359 1755 peragendi
389 1701 520 1741 huius
549 1700 721 1752 operiS,
755 1713 780 1739 a
799 1713 884 1753 quo
912 1703 1042 1742 nobis
1066 1703 1110 1742 in
1136 1703 1416 1755 cogitatione

109 1757 251 1798 multa
265 1757 318 1796 de
338 1756 419 1796 hac
437 1769 485 1796 re
503 1758 592 1796 iam
608 1756 775 1795 tradita
786 1762 1006 1806 tenemus,
1026 1764 1199 1798 nonest
1216 1763 1416 1797 metuen-

112 1814 238 1862 dum,
271 1824 326 1851 ne
355 1812 461 1851 dare
486 1812 664 1851 desinat
701 1817 873 1861 cetera,
910 1826 1041 1865 quum
1083 1826 1136 1852 ea
1163 1826 1276 1866 quae
1311 1813 1416 1852 data

111 1876 215 1908 sunt
248 1868 530 1920 coeperimus
569 1867 844 1918 impendere.
924 1869 1102 1908 Omnis
1149 1869 1285 1907 enim
1331 1880 1414 1907 res

112 1936 246 1977 quae
288 1923 456 1962 dando
503 1935 604 1961 non
645 1921 862 1971 deficit,
909 1923 1022 1962 dum
1061 1923 1315 1972 habetur,
1363 1928 1414 1963 et

111 1992 212 2019 non
254 1979 435 2027 datur,
487 1990 590 2016 non
631 1975 877 2026 habetur,
922 1979 1183 2031 quomodo
1216 1978 1408 2018 haben-

113 2035 174 2074 da
214 2041 307 2074 est.
373 2034 454 2073 llle
489 2038 635 2071 autem
671 2034 752 2072 ait:
795 2033 868 2085 qui
900 2033 1048 2083 habet,
1083 2034 1256 2074 dabitur
1292 2034 1343 2074 ei.
1368 2035 1411 2084 2)

109 2089 248 2130 Dabit
291 2102 399 2142 ergo
435 2087 730 2136 habentibus,
778 2088 822 2128 id
863 2095 951 2139 est,
992 2103 1090 2129 cum
1131 2090 1410 2144 benignitate

158 2203 191 2239 1)
210 2199 327 2238 „Am.‚
345 2198 486 2232 Erasm.
505 2206 541 2232 et
560 2198 647 2232 Mss.
666 2201 702 2231 5:
729 2202 858 2232 οητιε.“
885 2199 973 2232 Ben
1029 2199 1064 2242 2)
1085 2199 1217 2234 Matth.
1238 2203 1291 2239 13,
1312 2202 1363 2234 12.
