1503 2465
122 142 174 183 90
482 144 718 184 AURELII
750 144 1068 186 AUGUSTINI

120 227 403 267 nuntiabant.
474 226 773 268 sufficiendae
791 232 829 275 ¹)
849 229 989 281 prolis
1017 243 1177 270 caussa
1200 237 1296 273 erat
1319 245 1426 272 uxo-

120 294 217 321 rum
234 282 430 334 plurium
453 283 585 323 simul
604 285 678 323 uni
699 285 794 323 viro
814 283 1117 325 habendarum
1140 288 1427 339 inculpabilis

121 337 403 377 consuetudo
419 340 477 388 2),
495 344 540 378 et
557 339 661 378 ideo
677 353 807 379 unam
828 339 1039 379 feminam
1059 343 1244 382 maritos
1261 345 1427 383 habere

118 392 337 445 plurimos
366 392 604 434 honestum
629 407 718 434 non
745 400 864 445 erat3
911 408 999 434 non
1035 397 1150 436 enim
1183 398 1344 438 mulier
1372 411 1426 438 eo

120 453 190 487 est
217 447 475 499 fecundior,
509 451 589 489 sed
615 451 873 490 meretricia
901 452 1051 504 potius
1076 454 1307 504 turpitudo
1343 459 1427 503 est,

118 503 190 542 vel
215 509 450 556 quaestum
476 505 546 544 vel
572 505 740 545 liberos
761 506 895 558 vulgo
917 519 1148 558 quaerere.
1210 508 1257 547 In
1277 507 1427 549 huius-

119 559 293 597 cemodi
320 561 520 599 moribus
545 561 759 614 quidquid
785 561 965 600 illorum
999 568 1247 614 temporum
1282 570 1427 604 sanctl

119 627 206 652 non
228 614 470 654 libidinose
491 615 733 662 faciebant,
768 617 967 669 quamvis
988 630 1039 656 ea
1061 618 1277 667 facerent,
1312 632 1424 672 quae

118 667 204 708 hoc
236 676 438 722 tempore
472 671 559 710 nisi
593 684 672 723 per
704 672 937 711 libidinem
977 673 1072 711 ficri
1109 686 1196 712 non
1222 680 1424 726 possunt,

117 737 204 763 non
233 725 383 777 culpat
410 728 644 778 scriptura.
704 728 760 767 Et
780 728 995 780 quidquid
1013 728 1073 766 ibi
1094 730 1183 768 tale
1204 736 1422 779 narratur,

117 792 204 818 non
230 781 374 819 solum
398 780 616 821 historice
645 795 695 822 ac
722 785 923 836 proprie,
966 783 1044 822 sed
1073 785 1206 823 etiam
1232 786 1422 837 figurate

117 848 168 875 ac
187 835 450 889 prophetice
467 843 715 890 acceptum,
734 840 1116 890 interpretandum
1133 846 1201 879 est
1220 843 1423 893 usquein

117 890 249 930 finem
282 892 409 931 illum
446 893 650 933 caritatis
685 894 778 933 sive
808 894 917 943 Dei,
951 895 1044 933 sive
1077 896 1295 947 proximi,
1327 897 1421 936 sive

117 948 365 999 utriusque.
428 947 554 987 Sicut
581 949 696 988 enim
724 950 890 989 talares
918 952 1226 990 etinanicatas
1245 953 1421 991 tunicas

118 1000 283 1041 habere
315 1003 429 1054 apud
450 1004 677 1043 Romanos
704 1011 881 1044 veteres
909 1004 1129 1057 flagitium
1155 1012 1271 1055 erat,
1305 1019 1425 1047 nunc

116 1063 263 1096 autem
285 1056 476 1097 honesto
499 1060 601 1099 loco
629 1062 764 1109 natis,
801 1073 933 1112 quum
958 1062 1146 1101 tunicati
1174 1068 1297 1112 sunt,
1330 1076 1420 1102 non

116 1125 192 1151 cas
218 1111 383 1153 habere
415 1112 635 1167 flagitium
660 1122 746 1154 est:
779 1117 844 1155 sic
876 1117 1315 1157 animadvertendum
1352 1124 1421 1157 est

114 1170 158 1207 in
189 1174 342 1208 cetero
369 1182 546 1222 quoque
575 1185 656 1210 usu
679 1183 826 1210 rerum
852 1171 1010 1211 abesse
1033 1179 1243 1224 oportere
1270 1172 1419 1214 libidi-

114 1236 213 1263 nem
230 1254 240 1273 ,
277 1237 390 1276 quae
416 1237 503 1264 non
528 1226 674 1265 solum
701 1227 797 1278 ipsa
816 1239 994 1275 eorum,
1027 1229 1145 1267 inter
1164 1241 1275 1281 quos
1294 1230 1417 1278 vivit,

115 1280 440 1319 consuetudine
460 1284 666 1332 nequiter
682 1283 893 1331 abutitur,
908 1284 987 1322 sed
1004 1285 1138 1322 etiam
1156 1296 1290 1336 saepe
1308 1285 1418 1324 fines

114 1334 210 1373 eius
236 1347 422 1388 egressa
445 1335 710 1376 foeditatem
745 1351 890 1387 suam,
925 1351 1038 1390 quae
1072 1339 1190 1378 intra
1223 1341 1420 1379 claustra

111 1402 286 1429 morum
304 1391 586 1431 sollemnium
606 1393 827 1443 latitabat,
847 1393 1207 1447 flagitiosissima
1221 1396 1417 1448 eruptio-

111 1457 167 1485 ne
188 1445 461 1487 manifestat.

169 1501 215 1540 C.
241 1501 358 1541 Xlll.
420 1502 648 1556 Quidquid
674 1509 820 1543 autem
856 1507 1065 1557 congruit
1099 1504 1415 1545 consuetudini

113 1567 284 1605 eorum,
313 1570 411 1596 cum
430 1559 588 1610 quibus
609 1561 699 1598 vita
719 1560 808 1598 ista
827 1561 1033 1612 degenda
1050 1560 1123 1599 vel
1141 1562 1414 1600 necessitate

111 1611 375 1662 imponitur,
410 1614 482 1652 vel
502 1615 648 1653 officio
670 1616 936 1667 suscipitur,
971 1616 1143 1654 abonis
1170 1622 1213 1655 et
1239 1617 1414 1667 magnis

112 1664 366 1707 hominibus
382 1668 436 1707 ad
452 1670 692 1709 utilitatem
710 1676 754 1709 et
770 1671 1113 1710 beneficentiam
1128 1671 1414 1710 referendum

111 1727 195 1770 est,
214 1723 285 1760 rel
303 1724 498 1776 proprie,
522 1725 637 1764 sicut
657 1731 701 1763 et
719 1740 800 1765 nos
814 1727 1042 1774 debemus,
1061 1726 1133 1765 vel
1151 1728 1284 1766 etiam
1305 1727 1412 1779 figu-

108 1782 228 1824 rate,
259 1779 374 1817 sicut
394 1779 624 1832 prophetis
644 1782 764 1820 licet.

167 1832 212 1871 C.
233 1833 349 1873 Xli'.
398 1834 442 1872 ln
464 1848 576 1887 (luae
597 1835 718 1875 facta
737 1836 930 1889 legenda
948 1850 1079 1889 quum
1098 1837 1329 1875 incurrunt
1347 1836 1410 1874 in-

109 1887 231 1927 docti
256 1889 439 1928 alterius
465 1892 826 1940 consuetudinis,
861 1893 944 1931 nisi
971 1893 1239 1931 auctoritate
1274 1893 1411 1943 repri-

106 1949 305 1993 mantur,
339 1943 510 1998 flagitia
529 1952 702 1997 putant,
739 1960 820 1987 nec
840 1953 1028 1999 possunt
1054 1947 1410 1986 animadvertere

106 2003 248 2038 totam
267 2002 657 2040 conversationem
677 2016 822 2052 suam,
846 2003 916 2042 rel
942 2004 986 2042 in
1006 2003 1248 2056 coniugiis,
1276 2002 1347 2041 vel
1365 2004 1408 2041 in

156 2146 188 2177 1)
223 2143 342 2179 „Mss.
375 2142 531 2185 aliquot:
562 2145 814 2189 suscipiendae
848 2148 904 2189 (ut
928 2145 1043 2187 Cal.);
1073 2145 1133 2178 alii
1164 2157 1239 2178 cuin
1277 2145 1403 2177 oditis:

104 2186 352 2231 sufficiendae,
376 2191 469 2232 quod
489 2195 544 2223 est
562 2191 664 2234 Virg.
678 2192 811 2235 Georg.
829 2195 861 2232 3,
881 2195 933 2226 65.
984 2193 1021 2235 2)
1043 2192 1099 2225 Cf.
1120 2192 1210 2226 Gen.
1234 2196 1285 2230 16,
1309 2195 1337 2223 l.
1358 2202 1404 2224 ss.

105 2237 126 2266 2
144 2236 239 2267 Sam.
257 2238 287 2274 5,
311 2238 361 2269 13.
