1503 2465
137 91 218 132 228
496 88 733 129 AURELH
762 87 1081 130 AUGUSTINI

136 175 299 222 solent,
321 172 601 220 satisfacere,
625 185 710 212 non
731 173 927 213 invenio.
986 173 1358 212 Resurrecturam
1375 175 1440 210 ta-

135 243 235 269 men
260 241 437 268 carnem
467 229 661 267 omnium
682 229 948 281 quicumque
974 229 1068 267 nati
1092 234 1195 267 sunt
1213 226 1442 266 hominum

137 294 270 338 atque
307 291 568 332 nascentur,
606 290 650 322 et
681 284 844 323 mortui
880 289 982 322 sunt
1014 289 1146 336 atque
1177 283 1440 331 morientur,

135 341 260 380 nullo
281 339 414 378 modo
435 340 640 379 dubitare
661 338 794 378 debet
814 337 1106 378 Christianus.

194 396 240 435 C.
267 394 492 435 LXXXV.
555 394 679 434 Unde
719 395 862 445 primo
903 394 1099 433 occurrit
1134 393 1187 433 de
1222 392 1442 432 abortivis

137 451 336 490 foetibus
359 450 586 503 quaestio,
617 451 689 501 qui
709 450 798 489 iam
817 449 993 502 quidem
1013 451 1104 489 nati
1125 449 1289 488 suntin
1311 454 1441 487 utero

137 515 341 553 matrum,
368 507 445 545 sed
467 506 660 544 nondum
680 507 745 544 ita
765 510 811 544 ut
830 506 915 544 iam
935 511 1121 557 possent
1140 505 1331 544 renasci.
1394 503 1442 543 Si

139 562 257 600 enim
281 568 619 600 resurrecturos
645 573 724 600 eos
752 560 1016 609 dixerimus,
1052 560 1105 599 de
1127 562 1211 608 eis,
1249 559 1321 611 qui
1353 560 1443 598 iam

138 618 319 657 formati
341 623 457 665 sunt,
488 616 676 656 tolerari
695 620 847 668 potest
863 621 1103 668 utcumque
1122 615 1240 668 quod
1262 614 1440 653 dicitur.

137 672 357 712 informes
375 684 482 711 vero
503 671 688 711 abortus
709 671 807 723 quis
826 684 914 711 non
933 671 1177 723 proclivius
1203 670 1350 723 perire
1375 681 1442 708 ar-

136 728 348 776 bitretur,
383 728 502 767 sicut
529 727 700 766 semina
725 739 838 779 quae
876 732 1095 779 concepta
1126 738 1213 765 non
1247 724 1443 765 fuerint}

140 783 229 823 Sed
249 784 346 835 quis
367 795 532 835 negare
559 782 745 830 audeat,
774 782 858 821 etsi
887 781 1123 821 adfirmare
1149 793 1234 820 non
1262 780 1440 829 audeat,

137 839 182 878 id
203 845 401 878 acturam
422 838 821 887 resurrectionem,
855 843 903 877 ut
930 837 1144 890 quidquid
1165 835 1337 875 formae
1366 836 1440 875 de·

138 894 226 934 fuit
250 894 510 947 impleatur,
548 898 681 946 atque
707 893 771 933 ita
798 905 885 932 non
910 893 1027 932 desit
1048 891 1291 945 perfectio,
1327 902 1440 943 quae

139 962 380 989 accessura
403 955 499 988 erat
523 954 747 1002 tempore,
783 948 1155 1001 quemadmodum
1190 961 1278 986 non
1312 951 1443 986 erunt

137 1006 268 1052 vitia,
304 1017 417 1057 quae
450 1009 739 1044 accesserant
771 1009 996 1056 tempore3
1042 1008 1091 1042 ut
1122 1014 1265 1054 neque
1298 1003 1343 1041 in
1369 1014 1440 1051 eo,

140 1060 259 1113 quod
286 1066 434 1113 aptum
459 1066 503 1099 et
529 1072 774 1112 congruum
797 1059 893 1098 dies
921 1058 1111 1098 adlaturi
1134 1056 1331 1106 fuerant,
1367 1069 1441 1095 na-

138 1122 239 1155 tura
261 1115 513 1164 fraudetur,
549 1127 693 1168 neque
715 1116 760 1155 in
787 1126 864 1164 eo,
900 1114 1016 1167 quod
1047 1113 1281 1152 adversum
1308 1117 1442 1165 atque

140 1172 412 1210 contrarium
434 1171 530 1210 dies
549 1171 825 1218 adtulerant‚
855 1176 1011 1209 natura
1031 1175 1253 1221 turpetur,
1279 1168 1357 1207 scd
1377 1168 1443 1205 in·

138 1234 344 1278 tegretur
363 1227 482 1278 quod
502 1226 695 1265 nondum
717 1232 812 1265 erat
828 1226 1068 1278 integrum,
1088 1225 1204 1263 sicut
1221 1224 1440 1262 instaura-

138 1282 262 1322 bitur
282 1295 335 1334 qu
345 1282 401 1320 od
418 1281 568 1321 fuerat
587 1282 790 1321 vitiatum
803 1281 820 1320 ‘l

198 1338 244 1377 C.
264 1336 509 1377 LXXXVI.
567 1338 628 1376 Ac
647 1349 726 1389 per
746 1335 830 1375 hoc
851 1334 1244 1387 scrupulosissime
1265 1332 1444 1385 quidem

138 1394 259 1432 inter
283 1393 572 1432 doctissimos
600 1392 753 1446 quaeri
789 1404 840 1431 ao
866 1391 1084 1444 disputari
1118 1394 1289 1441 potest,
1325 1387 1445 1440 quod

139 1456 289 1488 utrum
308 1448 362 1487 ab
382 1447 562 1488 homine
582 1447 774 1487 inveniri
793 1448 937 1500 possit
961 1447 1145 1499 ignoro:
1179 1444 1356 1497 quando
1381 1444 1445 1482 in-

142 1505 280 1557 cipiat
299 1502 432 1543 homo
451 1504 495 1542 in
513 1509 642 1543 utero
665 1505 832 1551 vivere3
864 1507 1009 1541 utrum
1036 1502 1094 1541 sit
1112 1500 1328 1554 quaedam
1354 1499 1447 1537 vita

142 1566 187 1599 et
207 1559 404 1608 occulta,
431 1571 543 1612 quae
563 1558 756 1598 nondum
776 1557 971 1596 motibus
997 1558 1187 1596 viventis
1215 1555 1443 1607 adpareat.

138 1614 251 1655 Nam
272 1626 438 1667 negare
457 1615 623 1654 vixisse
643 1613 895 1666 puerperia,
924 1625 1036 1664 quae
1055 1616 1296 1664 propterea
1312 1622 1446 1649 mem·

139 1670 302 1709 bratim
329 1675 599 1709 exsecantur
627 1675 670 1709 et
697 1670 937 1708 eiiciuntur
961 1680 1014 1707 ex
1038 1669 1178 1706 uteris
1198 1677 1448 1717 praegnan-

139 1727 272 1773 tium,
305 1737 358 1764 ne
376 1730 543 1764 matres
563 1736 762 1778 quoque,
790 1724 825 1764 si
846 1729 1022 1763 mortua
1039 1723 1101 1761 ibi
1121 1721 1444 1773 relinquantur,

142 1781 367 1829 occidant,
397 1780 673 1834 impudentia
692 1780 828 1819 nimia
845 1779 1034 1818 videtur.
1095 1777 1162 1816 Ex
1181 1788 1266 1829 quo
1296 1781 1445 1814 autem

140 1837 301 1889 incipit
317 1834 451 1875 homo
471 1837 645 1884 vivere,
680 1847 735 1874 ex
753 1835 833 1874 illo
853 1835 1005 1887 utique
1026 1834 1111 1872 iam
1139 1833 1252 1871 mori
1279 1835 1443 1882 potest.

140 1893 349 1931 Mortuus
377 1903 505 1939 vero,
544 1891 809 1943 ubicumque
834 1890 900 1928 illi
925 1901 1045 1928 mors
1079 1889 1225 1940 potuit
1249 1886 1445 1932 evenire,

142 1947 370 2000 quomodo
396 1947 453 1986 ad
478 1947 856 1986 resurrectionem
882 1957 971 1984 11011
1001 1943 1227 1997 pertineat
1250 1946 1448 1981 mortuo·

140 2015 253 2051 rum,
284 2003 483 2055 reperire
505 2014 592 2041 non
612 2013 809 2056 possum.
830 2003 866 2052 ¹)

192 2181 226 2221 l)
248 2179 303 2212 Cf.
323 2179 414 2221 Aug.
438 2179 480 2211 de
499 2179 565 2211 civ.
584 2179 641 2211 dei
660 2181 713 2218 22,
736 2180 785 2210 13.
