1503 2465
139 104 189 141 72
497 102 737 143 AURELII
765 103 1087 146 AUGUSTINI

137 187 293 239 dupla,
329 187 434 239 quia
454 187 774 240 intelligibiles
799 190 974 228 numeri
997 192 1232 233 semissem
1261 206 1350 233 non
1375 192 1448 234 ha-

137 243 257 282 bent.
320 242 423 283 Sive
452 255 561 296 ergo
588 243 634 283 in
657 256 706 284 se
730 245 841 297 ipsis
869 246 1236 298 considerentur,
1270 251 1364 289 sive
1394 251 1448 290 ad

135 298 381 351 figurarum
407 304 484 338 aut
508 298 565 338 ad
595 311 810 340 sonorum
834 300 1079 342 aliarumve
1111 306 1360 345 motionum
1387 306 1448 346 le-

135 366 216 407 ges
244 356 420 394 numeri
444 353 765 405 adhibeantur,
795 356 1185 399 incommutabiles
1212 360 1338 414 leges
1371 360 1446 401 ha-

133 410 261 459 bent,
296 422 440 464 neque
460 411 553 450 ullo
573 411 709 451 modo
729 411 783 451 ab
803 410 1059 454 hominibus
1076 415 1329 465 institutas,
1365 417 1447 457 sed

132 466 476 519 ingeniosorum
508 467 759 520 sagacitate
793 474 1061 521 compertas.
1129 470 1254 519 Quae
1296 477 1447 512 tamen

135 524 287 562 omnia
304 522 506 575 quisquis
524 522 589 561 ita
605 522 831 573 dilexerit,
851 529 900 564 ut
916 526 1086 565 iactare
1105 538 1154 566 se
1174 529 1291 567 inter
1309 529 1446 581 impe-

132 580 248 618 ritos
269 578 401 627 velit,
435 584 480 618 et
506 590 594 617 non
617 579 768 632 potius
790 592 1033 632 quaerere,
1070 582 1185 622 unde
1211 583 1302 623 sint
1324 596 1445 633 vera,

133 646 247 687 quae
282 634 593 673 tantummodo
628 647 735 674 vera
769 647 870 675 esse
903 640 1204 688 persenserit,
1251 644 1296 678 et
1329 639 1445 679 unde

133 690 354 743 quaedam
374 702 461 729 non
481 689 626 729 solum
645 702 766 740 vera,
786 691 867 731 sed
887 693 1023 732 etiam
1043 693 1445 744 incommutabilia,

132 758 245 799 quae
265 745 655 785 incommutabilia
675 758 775 787 esse
805 747 1220 800 comprehenderit,
1255 762 1306 790 ac
1331 751 1396 790 sic
1421 763 1447 790 a

130 802 284 854 specie
304 813 544 854 corporum
564 814 705 854 usque
725 803 778 843 ad
809 801 1045 844 humanam
1070 810 1264 845 mentem
1289 818 1444 858 perve-

129 860 275 908 niens,
288 870 422 910 quum
440 863 484 897 et
500 858 642 910 ipsam
660 859 920 899 mutabilem
936 860 1174 910 invenerit,
1191 862 1310 915 quod
1328 875 1445 902 nunc

131 914 288 963 docta,
324 926 440 952 nunc
462 913 647 954 indocta
674 915 753 964 sit,
791 915 1038 955 constituta
1060 922 1209 957 tamen
1235 917 1354 958 inter
1379 918 1444 957 in-

132 969 498 1010 commutabilem
523 982 659 1021 supra
683 982 731 1009 se
755 972 992 1011 veritatem
1012 976 1057 1012 et
1073 973 1308 1013 mutabilia
1325 973 1445 1013 infra

131 1038 180 1066 se
207 1031 381 1073 cetera,
414 1024 470 1064 ad
495 1025 626 1065 unius
649 1025 739 1065 Dei
776 1027 955 1067 laudem
990 1033 1123 1081 atque
1151 1029 1443 1070 dilectionem

131 1087 295 1122 cuncta
327 1086 616 1130 convertere,
665 1094 692 1121 a
724 1095 811 1135 quo
847 1088 1008 1124 cuncta
1044 1097 1144 1125 esse
1185 1087 1441 1138 cognoscit:

131 1137 293 1178 doctus
311 1136 456 1176 videri
473 1141 638 1189 potest,
659 1150 759 1178 esse
779 1144 928 1179 autem
948 1140 1127 1193 sapiens
1147 1141 1269 1180 nullo
1291 1141 1440 1180 modo.

187 1194 233 1233 C.
254 1192 464 1234 XXXIX.
528 1192 670 1240 Quam
690 1194 745 1233 ob
772 1207 867 1234 rem
888 1194 1068 1235 videtur
1091 1195 1198 1236 mihi
1224 1197 1441 1237 studiosis

130 1254 175 1290 et
191 1249 444 1303 ingeniosis
463 1248 831 1289 adolescentibus
846 1256 890 1290 et
908 1251 1171 1291 timentibus
1182 1252 1326 1292 Deum
1339 1253 1442 1292 hea-

126 1313 309 1359 tamque
340 1305 478 1344 vitam
509 1306 830 1357 quaerentibus
864 1306 1107 1347 salubriter
1143 1309 1362 1361 praecipi,
1394 1314 1444 1348 ut

127 1362 275 1402 nullas
300 1360 553 1409 doctrinas,
585 1373 699 1414 quae
723 1367 903 1414 praeter
922 1363 1161 1403 ecclesiam
1183 1363 1346 1404 Christi
1369 1377 1441 1404 ex-

129 1423 360 1465 ercentur,
394 1422 620 1469 tamquam
654 1417 710 1456 ad
746 1418 924 1457 beatam
960 1420 1092 1459 vitam
1120 1420 1441 1472 capessendam

129 1485 288 1514 secure
308 1473 436 1525 sequi
464 1472 683 1521 audeant,
720 1473 800 1513 sed
825 1486 900 1513 eas
927 1474 1079 1514 sobrie
1109 1475 1441 1529 diligenterque

130 1529 400 1577 diiudicent,
435 1532 480 1567 et
506 1529 545 1567 si
565 1541 673 1580 quas
694 1529 948 1569 invenerint
967 1530 1020 1570 ab
1041 1529 1297 1571 hominibus
1315 1532 1441 1571 insti-

128 1592 250 1626 tutas
274 1585 421 1624 varias
448 1589 637 1636 propter
656 1584 879 1624 diversam
908 1585 1183 1626 voluntatem
1204 1588 1441 1627 instituen-

127 1642 262 1690 tium,
290 1646 335 1680 et
352 1642 532 1693 ignotas
550 1646 735 1693 propter
753 1641 1036 1693 suspiciones
1063 1643 1328 1692 errantium,
1352 1655 1440 1682 ina-

127 1697 246 1737 xime
277 1698 315 1736 si
342 1694 509 1734 habent
534 1696 668 1735 etiam
689 1709 786 1735 cum
808 1696 1102 1738 daemonibus
1121 1699 1275 1738 initam
1296 1701 1440 1738 socic-

128 1758 266 1792 tatem
283 1764 362 1803 per
375 1751 664 1804 quarumdam
681 1752 1062 1804 significationum
1079 1755 1204 1806 quasi
1221 1754 1440 1807 quaedam

127 1815 259 1861 pacta
277 1814 413 1860 atque
433 1813 676 1857 conventa,
698 1808 938 1859 repudient
953 1811 1131 1861 penitus
1151 1815 1196 1849 et
1215 1810 1439 1850 detesten-

127 1871 220 1912 tur3
241 1863 440 1902 alienent
459 1863 594 1901 etiam
614 1863 810 1903 studium
829 1876 855 1902 a
873 1864 1110 1918 superfluis
1131 1870 1176 1905 et
1193 1866 1440 1905 luxuriosis

128 1919 357 1959 hominum
393 1918 629 1958 institutis.
694 1918 777 1957 Illa
806 1931 914 1959 vero
947 1921 1154 1960 instituta
1193 1920 1437 1968 hominum,

129 1987 243 2028 quae
263 1975 317 2014 ad
338 1974 605 2014 societatem
627 1974 960 2015 conviventium
979 1978 1014 2025 ¹)
1034 1978 1206 2025 valent,
1232 1989 1313 2030 pro
1340 1977 1440 2029 ipsa

129 2030 261 2070 huius
293 2031 415 2070 vitae
445 2030 721 2070 necessitate
757 2043 846 2071 non
880 2032 1130 2086 negligant.
1189 2033 1238 2073 In
1271 2032 1437 2072 ceteris

181 2165 212 2198 Ι)
233 2161 320 2199 „Eu
341 2164 376 2193 et
396 2162 483 2194 Lov.
504 2173 582 2195 cum
605 2161 705 2194 cah:
732 2164 1036 2205 convenientium,
1066 2177 1130 2208 pro
1151 2176 1218 2208 qno
1239 2165 1339 2203 aad„
1360 2165 1436 2198 Am.

129 2215 165 2240 et
184 2209 272 2241 mss.
292 2207 606 2242 (οιιυίυεηὶἰυηι.“
634 2209 723 2243 Ben.
