1503 2465
237 131 318 172 DE
348 128 654 170 DOCTRINA
685 129 915 170 Cfflzls'r.
975 130 1088 171 Llss.
1122 130 1197 173 IV.
1292 132 1370 172 135

64 217 182 259 falsa
206 221 327 266 sunt,
362 214 441 255 sed
469 214 573 267 quia
597 213 713 254 falsa
740 226 840 254 esse
865 227 1018 255 verum
1051 220 1140 266 est,
1174 216 1373 256 delectat

66 280 112 314 et
132 273 292 321 dictio,
318 283 405 324 qua
422 269 508 310 hoc
528 282 678 309 verum
698 282 797 309 esse
816 277 1109 311 monstratum
1131 277 1213 311 est.

122 329 168 368 C.
191 327 309 367 Xlll.
359 326 552 379 Propter
571 338 650 365 eos
670 332 832 376 autem,
853 327 1012 380 quibus
1034 327 1373 367 fastidientibus

67 397 156 425 non
182 384 332 436 placet
355 383 542 430 veritas,
572 381 607 421 si
633 381 723 421 alio
744 394 1025 434 quocumque
1049 383 1182 422 modo
1211 383 1294 422 nisi
1317 395 1371 422 eo

66 439 201 480 niodo
224 439 415 487 dicatur,
437 442 485 476 ut
502 437 678 490 placeat
695 444 740 477 et
760 450 907 477 sermo
928 439 1134 487 dicentis,
1157 440 1284 478 datus
1305 443 1375 478 est

66 497 111 535 in
137 494 397 547 eloquentia
421 506 509 532 non
533 505 695 545 parvus
730 494 864 533 etiam
899 493 1191 534 delectationi
1228 494 1371 534 locus.

70 552 195 600 Quae
213 557 359 589 tamen
380 548 534 588 addita
552 560 639 588 non
660 550 823 588 sufficit
841 549 963 588 duris
976 580 985 598 ,
1014 563 1125 603 quos
1144 562 1227 589 nec
1244 549 1374 589 intel-

67 607 251 656 lexisse,
273 617 356 645 nec
378 604 583 644 docentis
603 604 861 644 elocutione
883 605 1134 645 delectatos
1155 618 1255 645 esse
1276 618 1375 658 pro-

69 662 221 702 fuerit.
283 660 402 709 Quid
427 660 542 699 enim
571 658 681 699 haec
711 660 797 699 duo
818 660 1055 700 conferunt
1075 660 1263 709 homini,
1301 660 1377 714 qui

72 724 117 758 et
133 717 374 757 confitetur
393 728 567 764 verum,
603 722 646 755 et
665 716 895 755 collaudat
923 717 1170 769 eloquium,
1207 729 1290 756 nec
1313 718 1378 755 in-

72 773 210 814 clinat
226 772 489 820 adsensum,
515 777 699 823 propter
719 784 847 824 quem
867 772 1030 820 solum,
1057 785 1188 825 quum
1208 772 1378 825 aliquid

72 828 310 876 suadetur,
361 827 496 866 rebus
537 839 650 880 quae
694 827 902 867 dicuntur
944 828 1151 881 invigilat
1184 828 1376 868 dicentis

70 883 289 924 intentio?
338 881 386 923 Si
430 883 549 922 enim
595 882 706 922 talia
746 883 984 933 docentur,
1035 896 1149 937 quae
1190 884 1376 924 credere

71 940 145 980 vel
172 951 307 979 nosse
342 939 556 988 sufficiat,
600 937 712 978 nihil
746 945 814 978 est
846 939 966 979 aliud
1004 942 1068 979 eis
1104 940 1377 987 consentire,

71 996 156 1035 nisi
179 994 385 1034 confiteri
405 1006 512 1033 vera
530 1006 645 1034 esse.
698 994 840 1042 Quum
862 996 1030 1034 veroid
1050 995 1239 1034 docetur
1257 994 1376 1048 qnod

73 1051 296 1104 agendum
319 1054 402 1098 est,
437 1055 482 1089 et
499 1049 604 1089 ideo
619 1051 810 1091 docetur
827 1058 875 1089 ut
894 1057 1067 1104 agatur,
1093 1050 1261 1090 frustra
1282 1062 1379 1103 per·

75 1106 292 1147 suadetur
326 1117 479 1144 verum
512 1117 613 1145 esse
648 1106 766 1158 quod
803 1107 984 1155 (elicitur,
1034 1106 1202 1146 frustra
1229 1107 1381 1159 placet

73 1162 233 1202 modus
252 1163 364 1214 ipse,
387 1173 474 1214 quo
489 1160 667 1210 dicitur,
690 1162 729 1202 si
747 1176 832 1201 non
852 1163 916 1201 ita
930 1162 1118 1202 discitur
1137 1168 1185 1202 ut
1204 1169 1379 1215 agatur.

78 1218 314 1270 Oportet
343 1217 516 1269 igitur
547 1217 894 1270 eloquentem
928 1218 1380 1265 ecclesiasticum,

77 1273 288 1327 quando
329 1272 519 1312 suadet
553 1272 763 1325 aliquid
806 1274 940 1326 quod
983 1274 1240 1326 agendum
1274 1279 1378 1321 est,

77 1342 174 1368 non
208 1328 378 1367 solum
411 1327 608 1368 docere
638 1334 696 1367 ut
726 1329 981 1377 instruat,
1020 1335 1071 1368 et
1103 1329 1379 1368 delectare

76 1390 130 1424 ut
170 1390 376 1432 teneat,
415 1395 593 1423 verum
631 1386 788 1424 etiam
827 1383 1059 1424 flectere
1097 1392 1152 1424 ut
1182 1385 1378 1424 vineat.

73 1439 173 1492 lpse
190 1440 353 1491 quippe
371 1439 459 1478 iam
478 1445 680 1479 remanet
697 1439 752 1478 ad
768 1441 1109 1479 consensionem
1131 1439 1378 1480 flectendus

76 1496 363 1548 eloquentiae
384 1495 661 1547 granditate,
693 1495 735 1533 in
757 1509 843 1547 quo
862 1496 904 1534 id
926 1510 1011 1534 non
1033 1497 1127 1548 egit
1156 1508 1297 1547 usque
1324 1495 1379 1535 ad

76 1552 172 1591 eius
213 1550 551 1590 confessionem
587 1551 895 1590 demonstrata
934 1552 1120 1601 veritas,
1170 1552 1380 1591 adiuncta

78 1606 213 1646 etiam
236 1606 460 1645 suavitate
480 1606 708 1645 dictionis.

132 1662 178 1700 C.
202 1661 320 1702 xlv.
384 1661 465 1700 Cui
491 1662 700 1701 suavitati
731 1666 902 1701 tantum
936 1674 1101 1714 operae
1133 1663 1382 1716 impensum

77 1722 145 1756 cst
166 1717 219 1756 ab
239 1716 510 1766 hominibus,
535 1722 584 1756 ut
601 1729 686 1756 non
709 1717 853 1756 solum
871 1731 958 1756 non
977 1717 1199 1765 facienda,
1230 1731 1383 1758 verum

77 1773 209 1812 etiam
230 1772 447 1826 fugienda
467 1785 519 1811 ac
537 1773 805 1812 detestanda
823 1778 891 1812 tot
909 1779 953 1812 et
968 1778 1093 1812 tanta
1110 1774 1226 1812 mala
1249 1780 1382 1826 atque

75 1828 246 1880 turpia,
274 1840 386 1881 quae
412 1828 543 1867 malis
563 1833 608 1867 et
626 1828 830 1880 turpibus
851 1828 1148 1868 disertissime
1169 1842 1385 1882 persuasa

78 1890 200 1931 sunt,
227 1898 312 1922 non
335 1889 381 1923 ut
399 1884 464 1922 eis
486 1884 816 1931 consentiatur,
842 1885 919 1923 sed
945 1886 1043 1924 sola
1065 1885 1383 1925 delectationis

79 1939 228 1991 gratia
257 1938 532 1978 lectitentur.
591 1940 775 1979 Avertat
799 1946 944 1978 autem
966 1940 1089 1979 Deus
1115 1941 1167 1979 ab
1188 1940 1384 1980 ecclesia

75 2006 156 2033 sua
176 1994 294 2046 quod
315 1994 368 2034 de
387 2006 625 2047 synagoga
644 1994 907 2033 ludaeorum
931 1996 1140 2035 ieremias
1161 1994 1382 2047 propheta.

76 2055 399 2089 commemorat
419 2049 573 2088 dicens
591 2052 648 2099 ¹):
682 2048 827 2089 Pavor
845 2058 882 2089 el
904 2050 1262 2105 horrendasacta
1280 2058 1383 2090 sunt

73 2116 200 2157 saper
224 2112 412 2144 terram.-
442 2104 686 2158 prophetae
702 2105 1029 2158 prophetabant
1053 2106 1225 2160 iniqua,
1252 2115 1293 2147 et
1313 2120 1379 2147 sa-

124 2223 158 2265 l)
180 2223 221 2256 C.
242 2226 272 2262 5,
291 2227 344 2257 30.
365 2237 394 2259 s.
