1503 2465
127 113 207 152 104
485 108 718 149 AURELH
749 106 1069 148 AUGUSTINI

126 201 357 242 mammae,-
389 198 433 232 et
451 198 599 232 tamen
622 192 728 245 quid
747 191 905 231 horum
926 191 1113 230 duorum
1140 191 1295 244 capiti,
1324 192 1431 244 quid

126 251 327 303 corpori,
355 249 402 288 id
423 254 512 296 est,
542 249 647 300 quid
668 247 867 295 Christo,
897 247 1003 299 quid
1024 247 1246 286 ecclesiae
1272 258 1430 286 conve-

124 307 233 355 niat,
257 306 410 356 utique
429 303 772 356 intelligendum
793 307 875 342 est.

183 362 229 401 C.
249 359 434 400 XXXII.
470 358 678 399 Secunda
695 358 756 398 de
778 357 990 397 Domini
1010 369 1233 410 corpore
1258 357 1429 410 bipar-

125 418 249 465 tito,
284 416 404 468 quod
437 414 615 467 quidem
648 426 737 454 non
770 414 834 452 ita
868 413 1023 452 debuit
1054 413 1294 466 adpellari3
1340 425 1430 452 non

126 473 242 512 enim
261 484 308 511 re
327 483 434 510 vera
451 469 633 509 Domini
652 481 813 522 corpus
840 474 928 517 est,
965 469 1084 521 quod
1112 482 1210 508 eum
1235 469 1314 508 illo
1340 481 1431 507 non

126 529 212 567 erit
228 528 273 566 in
293 532 545 575 aeternum3
578 525 658 564 sed
677 524 913 564 dicendum
933 523 1034 563 fuit:
1057 524 1110 563 de
1130 524 1315 564 Domini
1334 536 1430 563 cor-

124 595 234 637 pore
254 595 361 622 vero
383 588 516 633 atque
536 580 774 633 permixto,
797 586 890 619 aut:
925 592 1029 618 vero
1050 586 1183 632 atque
1203 579 1428 627 simulato,

123 639 196 677 vel
220 638 323 691 quid
351 637 493 685 aliud,
529 637 633 688 quia
655 648 746 675 non
767 636 910 675 solum
928 636 970 674 in
991 641 1242 685 aeternum,
1278 647 1432 674 verum

126 695 261 734 etiam
295 706 409 732 nunc
442 691 707 744 hypocritae
742 703 829 730 non
866 704 962 729 cum
996 691 1077 730 illo
1119 704 1219 730 esse
1253 690 1433 730 dicendi

124 756 239 797 sunt,
262 749 462 801 quamvis
481 749 526 787 in
547 747 642 786 eius
663 758 763 786 esse
784 746 1020 785 videantur
1039 747 1250 787 ecclesia.
1304 746 1430 787 Unde

121 810 303 859 poterat
321 805 409 844 ista
427 803 585 856 regula
603 807 648 843 et
678 802 743 841 sic
770 802 1012 854 adpellari,
1048 808 1096 842 ut
1123 803 1348 842 diceretur
1376 801 1430 841 de

121 861 346 915 permixta
373 859 582 898 ecclesia.
646 857 770 906 Quae
801 858 960 910 regula
992 858 1210 898 lectorem
1243 858 1430 910 vigilan-

122 924 214 956 tem
234 915 444 967 requirit,
481 914 658 967 quando
684 915 927 965 scriptura,
962 925 1095 965 quum
1121 915 1176 954 ad
1203 914 1317 953 alios
1343 913 1432 952 iam

122 972 350 1024 loquatur,
369 975 592 1022 tamquam
612 969 667 1008 ad
687 981 766 1008 eos
785 970 925 1020 ipsos,
947 969 1002 1008 ad
1019 982 1130 1022 quos
1146 969 1431 1022 loquebatur,

123 1029 301 1067 videtur
323 1026 470 1078 loqui;
503 1025 575 1064 vel
594 1025 647 1063 de
667 1025 792 1077 ipsis,
814 1037 946 1076 quum
966 1025 1019 1064 de
1040 1026 1141 1065 aliis
1169 1026 1256 1064 iam
1277 1025 1431 1077 loqua-

122 1089 216 1131 tur,
250 1089 475 1134 tamquam
494 1093 628 1120 unum
648 1081 706 1119 sit
723 1086 1013 1133 utrorumque
1036 1094 1218 1134 corpus,
1249 1084 1432 1132 propter

122 1139 419 1190 temporalem
446 1136 812 1176 commixtionem
838 1141 883 1175 et
906 1139 1265 1176 communionem
1284 1147 1430 1175 sacra-

122 1200 390 1233 mentorum.
416 1192 482 1232 Ad
500 1191 586 1231 hoc
605 1193 802 1245 pertinet
815 1193 859 1230 in
876 1193 1064 1235 canticis
1081 1193 1356 1231 canticorum
1371 1193 1382 1216 ¹
1395 1193 1429 1239 ):

123 1249 269 1290 Fecsca
287 1261 378 1288 sum
397 1255 439 1288 et
453 1246 667 1301 speciosa,
694 1254 744 1286 ut
761 1246 1041 1286 tabernacula
1063 1247 1215 1295 CecIar,
1244 1254 1292 1285 ut
1305 1246 1430 1298 pelles

124 1304 382 1345 Salomonis.
442 1303 545 1344 Non
571 1305 688 1343 enim
712 1303 796 1342 ait:
829 1301 958 1343 fusca
980 1303 1046 1343 fui
1069 1309 1117 1342 ut
1140 1302 1433 1342 tabernacula

125 1361 295 1410 Cedar,
330 1364 375 1399 et
406 1359 616 1412 speciosa
649 1371 745 1398 sum
780 1364 828 1397 ut
858 1359 1001 1410 pelles
1038 1358 1317 1406 Salomonis,
1352 1356 1432 1396 sed

123 1422 361 1470 utrumque
380 1428 428 1455 se
448 1427 547 1454 esse
559 1415 686 1463 dixit,
702 1420 887 1466 propter
904 1415 1196 1468 temporalem
1214 1414 1433 1453 unitatem

124 1473 244 1511 intra
260 1485 349 1512 una
366 1472 482 1510 retia
500 1471 688 1523 piscium
706 1470 928 1509 bonorum
947 1476 991 1510 et
1010 1471 1242 1509 malorum.
1260 1471 1299 1518 2)
1347 1469 1432 1507 Ta-

124 1527 372 1567 bernacula
404 1527 520 1566 enim
547 1525 693 1564 Cedar
725 1525 780 1564 ad
810 1525 1044 1565 lsmaelem
1076 1528 1321 1578 pertinent,
1359 1524 1433 1575 qni

125 1597 215 1623 non
242 1585 328 1623 erit
352 1581 483 1622 heres
508 1594 606 1620 cum
634 1581 726 1619 filio
745 1581 931 1620 liberae.
950 1581 989 1632 3)
1050 1581 1204 1634 Itaque
1225 1593 1356 1632 quum
1377 1578 1430 1617 de

123 1639 245 1679 bona
261 1644 387 1692 parte
398 1638 521 1677 Deus
541 1637 660 1676 dicat
673 1636 730 1685 4);
750 1634 922 1676 Ducam
941 1650 1087 1676 caecos
1104 1635 1289 1684 inviam,
1307 1646 1432 1687 qnam

124 1708 213 1734 non
233 1700 457 1741 noverunt,
484 1698 526 1731 et
541 1691 713 1731 semitas
734 1705 838 1743 quas
857 1705 943 1731 non
962 1698 1174 1732 noverant
1190 1690 1429 1737 calcabunt,

127 1749 351 1803 etfaciam
368 1748 449 1788 illis
469 1747 664 1787 tenebras
682 1745 725 1785 in
744 1748 892 1796 lucem,
921 1754 1112 1800 elpram
1131 1747 1175 1785 in
1194 1746 1400 1785 diret-{mn
1416 1758 1431 1790 ‚-

126 1804 234 1845 haec
258 1805 387 1844 verba
399 1802 596 1858 facium,
627 1810 669 1841 et
691 1816 777 1841 non
803 1803 1092 1855 derelinqaam
1119 1815 1217 1847 eos,·
1248 1814 1352 1839 mox
1376 1800 1430 1839 de

126 1861 219 1900 alia
236 1867 379 1914 parte,
410 1870 522 1911 quae
541 1857 657 1897 male
681 1859 902 1910 permixta
921 1865 1008 1906 est,
1037 1859 1164 1897 dicit:
1191 1856 1273 1909 ipsi
1290 1862 1432 1895 aulem

126 1915 326 1956 conversi
341 1921 442 1955 sunt
456 1920 590 1962 retro,
613 1916 812 1965 quamvis
832 1914 910 1953 alii
927 1916 1015 1953 iam
1035 1913 1344 1966 significentur
1364 1910 1431 1950 his

124 1973 292 2012 verbis.
355 1969 441 2011 Sed
463 1970 673 2021 quoniam
691 1982 806 2008 nunc
824 1972 868 2007 in
883 1982 970 2008 uno
991 1974 1107 2017 sunt,
1131 1974 1353 2020 tamquam
1377 1966 1431 2005 de

126 2028 238 2080 ipsis
259 2027 472 2079 loquitur,
490 2024 543 2064 de
564 2025 724 2077 quibus
744 2024 1031 2078 loquebatur3
1052 2037 1139 2064 non
1155 2029 1303 2063 tamen
1321 2033 1431 2061 sem-

180 2161 213 2200 1)
241 2159 346 2192 Cant.
374 2164 402 2197 l,
427 2161 459 2190 5.
508 2157 546 2200 2)
574 2158 632 2190 Cf.
661 2157 791 2190 Matth.
818 2159 870 2197 13,
895 2158 1012 2190 47.ss.
1062 2156 1099 2198 3)
1121 2156 1178 2190 Cf.
1195 2155 1286 2189 Gen.
1307 2159 1361 2194 21,
1382 2157 1431 2187 10.

132 2205 215 2239 Gal.
233 2209 265 2245 4,
284 2209 339 2239 30.
386 2206 423 2242 4)
443 2204 515 2238 les.
534 2208 588 2243 42,
612 2207 662 2238 16.
683 2208 720 2237 et
738 2205 790 2238 17.
