1503 2465
134 76 188 114 24
493 78 731 119 AURELII
760 82 1079 122 AUGUS'ritx‘l

133 164 332 199 nostram
352 162 766 214 peregrinationem
789 171 833 204 et
851 166 1135 206 tolerabilius
1151 169 1440 216 sustinemus,

134 221 179 253 et
206 215 436 256 ardentius
468 218 594 257 finire
623 221 838 272 cupimus.
902 222 989 261 Sed
1019 229 1163 262 utrum
1183 224 1238 263 ad
1256 224 1336 263 illa
1352 224 1438 263 duo

131 278 375 323 praecepta
402 274 537 312 etiam
559 275 744 314 dilectio
772 278 997 328 pertineat
1025 279 1314 331 angelorum,
1352 292 1442 318 non

129 327 509 367 irrationabiliter
543 331 699 382 quaeri
736 337 900 383 potest.
971 333 1081 372 Nam
1117 336 1237 387 quod
1270 335 1441 373 nullum

130 380 361 422 hominum
384 386 615 437 exceperit
640 387 714 439 qui
737 389 970 440 praecepit
997 395 1043 428 ut
1067 391 1316 442 proximum
1343 390 1440 429 dili-

130 450 307 490 gamus,
342 443 387 478 et
422 441 519 491 ipse
552 441 596 480 in
633 443 870 495 evangelio
907 444 1128 484 Dominus
1164 447 1364 486 ostendit
1398 450 1443 484 et

128 493 297 532 Paulus
318 496 568 546 apostolus.
629 496 830 551 Namque
856 500 954 547 ille,
982 503 1049 540 cui
1079 501 1165 540 duo
1190 502 1289 553 ipsa
1314 514 1439 554 prae-

129 555 259 601 cepta
292 551 543 600 protulerat
576 558 710 606 atque
735 555 779 593 in
805 557 869 594 eis
898 556 1094 607 pendere
1123 563 1263 595 totam
1294 557 1442 609 legem

127 603 462 658 prophetasque
497 607 695 657 dixerat,
733 623 864 663 quum
898 613 1205 661 interrogaret
1245 625 1342 651 eum
1378 612 1440 651 di-

129 673 255 699 cens:
292 660 355 699 Ec
391 662 482 714 quis
524 670 589 702 est
620 677 735 704 meas
756 666 1013 717 proximus?
1044 662 1265 707 hominem
1288 680 1438 720 quem-

128 716 227 754 dam
255 720 494 768 proposuit
519 719 869 761 descendentem
903 723 956 761 ab
986 723 1226 762 Ierusalem
1262 724 1306 762 in
1333 723 1439 762 leri-

127 770 211 810 cho
231 773 446 813 incidisse
465 777 508 813 in
530 775 752 821 latrones,
788 786 833 817 et
851 778 904 816 ab
926 779 990 817 eis
1011 781 1210 831 graviter
1239 779 1438 818 vulnera-

125 836 242 876 tum,
268 831 469 868 saucium
489 836 533 869 et
553 833 818 872 semivivum
840 846 939 873 esse
961 835 1243 874 derelictum.
1265 838 1300 885 ¹)
1359 834 1441 874 Cui

127 885 380 937 proximum
415 897 516 924 esse
553 899 640 926 non
670 888 827 928 docuit
858 889 944 928 nisi
981 891 1056 942 qui
1089 903 1196 943 erga
1220 891 1345 930 illum
1372 902 1440 928 re-

127 940 370 979 creandum
392 946 524 993 atque
546 943 792 983 curandum
811 946 1070 985 misericors
1092 947 1280 995 exstitit,
1311 946 1376 985 ita
1393 950 1442 985 ut

126 995 227 1043 hoc,
254 996 325 1048 qui
348 997 724 1050 interrogaverat,
757 1001 1067 1053 interrogatus
1086 1002 1183 1054 ipse
1203 1002 1437 1041 fateretur.

127 1052 208 1090 Cui
225 1051 443 1091 Dominus
463 1053 545 1092 ait:
568 1052 698 1102 Vade,
718 1061 761 1094 et
779 1056 919 1110 tusae
936 1056 1150 1106 similiter,
1163 1064 1210 1097 ut
1228 1057 1443 1097 videlieet

126 1120 225 1147 eum
253 1120 353 1147 esse
384 1110 635 1159 proximum
664 1111 994 1164 intelligamus,
1032 1115 1103 1152 cui
1129 1114 1198 1152 vel
1230 1112 1441 1153 exhiben-

127 1163 229 1201 dum
249 1169 319 1203 est
339 1164 530 1203 officium
553 1165 910 1215 misericordiae,
946 1169 980 1207 si
1003 1168 1189 1221 indiget,
1230 1169 1300 1208 vel
1320 1167 1441 1207 exhi-

126 1218 319 1258 bendum
346 1225 488 1267 esset,
519 1220 557 1259 si
584 1221 829 1274 indigeret.
890 1224 957 1263 ΕΧ
977 1237 1064 1276 quo
1092 1230 1160 1263 est
1178 1226 1265 1264 iam
1286 1236 1442 1263 conse-

126 1287 290 1326 quens,
326 1282 373 1313 ut
393 1276 526 1314 etiam
552 1276 653 1325 ille,
690 1291 715 1317 a
734 1291 821 1331 quo
842 1280 972 1319 nobis
996 1279 1080 1319 hoc
1099 1280 1297 1319 vicissim
1320 1278 1442 1318 exhi-

124 1330 319 1369 bendum
354 1336 442 1378 est,
488 1332 719 1382 proximus
753 1336 813 1373 sit
848 1340 1017 1374 noster.
1087 1334 1288 1375 Proximi
1325 1336 1442 1374 enim

125 1399 288 1425 nomen
311 1386 368 1425 ad
397 1387 569 1439 aliquid
601 1394 692 1438 est,
732 1402 814 1429 nec.
835 1391 1068 1443 quisquam
1090 1403 1189 1430 esse
1211 1392 1440 1444 proximus

125 1442 214 1480 nisi
240 1442 445 1495 proximo
472 1448 638 1494 potest.
700 1444 881 1485 Nullum
907 1452 1054 1485 autem
1082 1452 1317 1498 exceptum
1339 1458 1440 1485 csse

127 1498 197 1536 cui
225 1498 568 1537 misericordiae
598 1500 850 1554 denegetur
881 1503 1095 1550 officium,
1135 1503 1233 1555 quis
1261 1515 1350 1541 non
1379 1502 1439 1540 vi-

127 1553 247 1601 deat,
272 1554 450 1606 quando
470 1567 612 1606 usque
633 1557 688 1595 ad
708 1557 916 1596 inimicos
938 1558 1070 1597 etiam
1093 1564 1351 1609 porrectum
1371 1563 1441 1597 est

127 1609 287 1648 eodem
314 1609 509 1649 Domino
543 1611 796 1663 dicente2):
837 1611 1020 1664 lhlzsszz'le
1043 1612 1240 1652 inimicos
1265 1620 1437 1660 vestros,

127 1664 230 1704 bene
253 1664 401 1719 facite
436 1664 493 1704 eis
529 1665 603 1717 qni
636 1667 818 1707 oderunt
851 1670 948 1707 vos?
989 1669 1051 1708 lta
1072 1682 1248 1721 quoque
1274 1669 1439 1707 Paulus

126 1720 363 1772 apostolus
385 1720 519 1760 docet
539 1735 671 1773 quum
698 1723 884 1771 dicit3);
928 1722 1033 1763 Nam
1056 1739 1139 1763 non
1159 1723 1436 1772 adulterabis,

125 1789 210 1814 mm
231 1775 680 1831 lwnu'cidiumfacies,
703 1778 1135 1833 nonsuraberis,uon
1151 1779 1435 1832 concupisces,

126 1839 168 1870 et
182 1830 220 1869 si
238 1832 352 1883 qnod
369 1839 432 1869 est
448 1831 568 1871 alind
585 1835 856 1879 mamiatam,
892 1835 936 1873 in
954 1835 1035 1875 hoc
1052 1849 1246 1874 sermone
1273 1834 1436 1887 recapi-

124 1888 313 1926 tulatur:
349 1886 499 1940 diliges
523 1888 772 1940 proximum
807 1898 924 1929 tunm
959 1898 1178 1944 tanlquam
1212 1898 1251 1930 te
1281 1890 1434 1943 ipsum.

126 1941 525 1995 Dilectioproximi
542 1945 698 1983 malum
717 1959 800 1984 non
822 1953 1042 1997 operatur.
1093 1946 1306 1999 Quisquis
1327 1959 1436 1999 ergo

124 2000 371 2037 arbitratur
398 2013 484 2037 non
512 1999 565 2036 <lo
596 2000 712 2037 omni
743 1996 922 2037 homine
961 2001 1217 2051 apostolum
1253 2015 1438 2055 praece-

122 2054 267 2104 pisse,
298 2055 477 2106 cogitur
496 2053 628 2093 fateri
649 2052 767 2106 quod
787 2053 1159 2096 absurdissimum
1180 2063 1224 2097 et
1242 2059 1437 2100 scelera-

178 2179 210 2209 1)
240 2176 327 2207 Luc.
354 2181 401 2214 10,
422 2179 540 2209 29.53.
590 2176 626 2217 2)
657 2175 787 2208 Matth.
805 2180 834 2215 5,
854 2178 908 2209 44.
959 2178 995 2218 3)
1025 2177 1128 2210 Rom.
1150 2181 1200 2218 13,
1220 2181 1252 2211 9.
1272 2191 1287 2211 s
