1503 2465
81 101 170 130 vm
526 90 926 131 PRAEFATIO.

78 177 255 221 divinis
291 176 520 236 disputat,
568 193 849 236 quamquam
884 178 1075 221 omnino
1110 178 1384 222 acutissime

73 244 409 304 prophetarum
445 254 492 289 ct
530 248 846 303 apostolorum
891 245 1017 289 ideas
1063 254 1386 308 perscrutatur

76 322 122 356 et
154 329 410 372 numquam
440 314 539 357 fere
571 329 597 356 a
623 324 751 357 recto
776 314 1058 372 scriptorum
1084 328 1224 357 sensu
1250 314 1384 357 aber-

71 389 160 425 rat.
234 381 382 424 Voces
417 390 658 441 suspectas
697 384 831 425 uncis
864 383 1051 425 inclusi.
1133 381 1383 426 Librorum

73 458 400 510 argumentum
420 483 432 506 .,
465 450 665 493 indicem
700 451 912 494 locorum
943 451 1202 508 scripturae
1238 466 1272 493 s.
1299 465 1383 493 cx-

70 519 353 577 plicatorum
380 529 426 562 et
447 518 702 579 Augustini
727 520 1107 562 retractationem
1141 519 1379 577 praemisi.

138 585 333 629 Accedit
362 587 494 629 libris
536 585 591 629 de
624 585 838 630 doctrina
871 584 1138 630 Christiana
1172 586 1380 631 eiusdem

68 655 215 714 patris
255 654 371 697 liber
408 653 755 709 nobilissimus,
789 670 924 713 quem
956 654 1271 700 Encleiridion
1303 657 1378 698 in-

70 723 287 781 scripsit,
315 722 507 779 deficle,
540 738 621 785 spe
648 730 695 767 et
721 725 958 774 caritate,
993 739 1234 779 „aureum
1260 739 1377 783 opu-

70 791 278 845 sculum⁷
324 799 559 835 nocturna
590 800 636 835 et
670 790 839 834 diurna
871 805 1010 835 manu
1039 791 1377 848 versandum.,“

70 860 294 918 omnique
320 867 529 917 tempore
555 861 749 903 maximi
770 860 1083 903 aestimatum.
1151 859 1378 905 Continet

70 929 195 971 enim
230 929 359 971 brevi
390 935 645 987 conspectu
676 936 722 972 et
743 928 954 986 populari
981 943 1195 972 sermone
1220 929 1376 973 omnia

70 996 313 1040 doctrinae
351 994 646 1040 Christianae
683 998 835 1055 capita
867 995 1052 1040 adnexa
1095 998 1190 1040 illis
1232 1013 1375 1041 evan-

67 1066 182 1126 gelii
215 1065 468 1108 virtutibus
501 1066 756 1124 primariis,
827 1065 1001 1108 Auctor
1026 1066 1233 1109 libellum
1257 1067 1373 1110 scri-

65 1136 159 1192 psit
183 1135 372 1176 circiter
397 1149 574 1178 annum
599 1133 712 1176 421.
739 1133 871 1189 (nam
896 1149 991 1192 cap.
1014 1133 1094 1178 87.
1133 1133 1376 1195 Hierony-

66 1217 168 1245 mus
217 1201 464 1245 defunctus
512 1211 796 1247 memoratur
842 1198 877 1259 †
900 1203 1067 1259 4209„
1112 1201 1376 1247 Laurentio

65 1270 269 1326 cuidam,
292 1272 372 1330 qui
396 1273 653 1329 sapientiae
679 1270 834 1314 studio
858 1271 1081 1314 incensus
1106 1272 1154 1314 in
1178 1271 1376 1330 epistola

65 1339 119 1383 ad
158 1339 475 1400 Augustinuin
520 1341 693 1398 scripta
741 1340 783 1382 ei
820 1341 1116 1397 quaestiones
1150 1339 1374 1399 quasdam

62 1417 389 1467 proposuerat,
417 1416 555 1467 atque
580 1409 727 1451 totius
753 1407 995 1451 doctrinae
1020 1423 1243 1451 summam
1270 1423 1371 1452 cer-

62 1486 259 1536 tumque
284 1476 392 1519 fidei
418 1475 777 1520 fundamentum
804 1484 968 1520 contra
995 1475 1204 1519 diversos
1242 1477 1372 1520 illius

61 1546 285 1603 temporis
326 1544 670 1588 haereticorum
704 1559 889 1588 errores
939 1543 1184 1588 enchiridii
1219 1545 1370 1589 forma

59 1613 115 1657 ab
153 1629 207 1657 eo
245 1615 491 1672 petiverat.
566 1612 616 1656 In
651 1612 993 1656 recentioribus
1026 1612 1264 1657 codicibus
1289 1615 1368 1657 ille

58 1682 192 1726 urbis
229 1681 407 1726 Romae
433 1683 775 1742 primicerius,
822 1683 871 1724 in
918 1682 1023 1724 aliis
1049 1683 1365 1743 primicerius

58 1753 356 1794 notarim-mn
380 1750 511 1794 urbis
536 1749 740 1804 Romae,
780 1757 860 1793 aut
874 1750 1189 1811 primicerius
1217 1749 1366 1795 ecc-le·-

56 1820 158 1862 siae
182 1817 441 1870 Romanae,
470 1819 516 1860 in
541 1816 816 1878 quibusdam
843 1819 1072 1862 diaconus
1097 1826 1179 1862 aut
1203 1818 1366 1863 arehi-

57 1889 284 1932 diaeonus
310 1894 518 1930 vocatur.
593 1885 687 1930 Sed
710 1887 761 1930 in
790 1888 1119 1930 vetustissimis
1145 1886 1252 1931 Mss.
1278 1902 1365 1931 no-

56 1956 173 1998 mini
209 1954 328 1998 nihil
362 1954 572 2011 additurg
611 1970 761 2013 neque
793 1956 911 1999 certi
945 1954 1198 2014 quidquam
1225 1954 1279 1998 de
1313 1971 1366 1999 eo

56 2032 266 2079 constat,
301 2025 395 2067 nisi
421 2022 543 2082 quod
569 2024 614 2066 in
639 2024 758 2066 libro
783 2023 838 2065 de
863 2032 968 2067 octo
992 2021 1190 2066 Dulcitii
1222 2039 1364 2083 quae-

59 2091 290 2136 stionibus
316 2089 351 2147 l,
380 2092 648 2149 lstfrater
673 2090 900 2145 Damni„
927 2091 1097 2135 ibidem
1123 2102 1167 2135 et
1192 2093 1236 2136 in
1263 2093 1363 2151 ipso

57 2159 334 2205 Enchiridio
363 2176 401 2205 c,
422 2162 462 2204 l.
489 2160 544 2204 ab
561 2160 825 2222 Augustino
840 2160 981 2218 filius
1007 2161 1360 2214 dilectissimus,
