1503 2465
220 130 300 171 DE
331 129 638 171 DOCTRINA
669 131 900 173 CHRIST.
962 132 1075 172 LIB.
1112 133 1185 172 ll.x
1297 132 1352 173 37

40 230 146 258 rum
178 215 492 263 studiosus,
540 213 681 254 nihil
711 216 762 255 in
795 217 875 256 eis
915 216 1066 256 aliud
1103 220 1350 257 inventu-

37 287 154 323 rus,
197 284 346 326 quam
387 270 723 324 diligendum
761 283 883 313 esse
914 272 1082 312 Deum
1121 280 1354 326 propter

34 329 227 377 Deum,
271 333 323 367 et
361 327 660 380 proximum
697 334 932 381 propter
960 327 1150 377 Deum,
1194 336 1246 368 et
1285 329 1350 368 il-

37 386 139 425 lum
171 383 382 438 quidem
417 395 483 422 ex
514 388 631 423 toto
672 384 857 433 corde,
904 396 967 424 ex
1001 390 1121 424 tota
1161 385 1349 431 anima,

39 453 100 481 ex
126 446 246 480 tota
274 444 450 478 mente
473 438 727 492 diligere,
753 440 1052 492 proximum
1070 453 1198 480 vero
1224 445 1356 480 tam·

39 509 195 550 quam
235 507 290 534 se
329 495 532 547 ipsum,
580 495 635 534 id
682 501 788 544 est,
838 501 892 535 ut
934 502 1053 536 tota
1101 496 1353 549 proximi,

39 553 188 592 sicut
241 551 401 590 etiam
455 552 637 590 nostri
684 551 917 591 dilectio
973 551 1257 592 referatur
1302 552 1357 591 in

37 607 216 647 Deum.
241 609 277 657 ¹)
336 606 405 646 De
436 607 598 660 quibus
625 606 801 646 duobus
826 608 1103 661 praeceptis,
1140 621 1273 661 quum
1299 607 1357 647 de

37 664 174 703 rebus
194 674 447 716 ageremus,
468 662 584 702 libro
605 664 841 715 superiore
863 664 1172 703 tractavimus.
1188 665 1229 714 2)
1269 663 1354 704 Ne-

41 731 170 759 cesse
189 726 260 759 est
278 730 410 771 ergo,
444 724 493 758 ut
512 719 654 771 primo
677 730 724 758 se
745 719 933 773 quisque
958 720 1000 759 in
1031 720 1269 773 scripturis
1293 720 1360 759 in-

39 777 192 815 veniat
221 786 375 814 amore
405 772 536 814 huius
570 774 762 823 saeculi,
800 773 885 814 hoc
915 781 1004 825 est,
1039 776 1361 829 temporalium

39 843 190 871 rerum
222 830 522 882 implicatum,
562 830 699 883 longe
735 833 988 871 seiunctum
1032 844 1133 871 esse
1171 844 1197 871 a
1230 838 1358 871 tanto

39 899 193 926 amore
212 885 300 926 Dei
320 891 364 925 et
381 891 508 925 tanto
532 898 684 925 amore
703 887 912 939 proximi,
934 893 1145 940 quantum
1167 888 1359 941 scriptu-

38 955 90 982 ra
114 943 215 995 ipsa
239 942 522 995 praescribit.
585 943 701 981 'l'um
718 955 826 982 vero
847 942 924 982 ille
945 943 1096 992 timor,
1125 956 1213 996 quo
1234 945 1360 996 cogi-

38 1004 106 1039 tat
125 999 179 1038 de
198 998 369 1038 iudicio
391 997 494 1046 Dei,
530 1002 575 1037 et
592 998 672 1037 illa
688 998 850 1051 pietaS,
885 1011 971 1052 qua
990 1013 1076 1038 non
1099 1006 1252 1053 potest
1271 1000 1358 1040 nisi

40 1054 229 1094 credere
265 1059 310 1093 et
346 1053 508 1093 cedere
544 1055 809 1094 auctoritati
833 1062 1092 1094 sanctorum
1122 1055 1361 1103 librorum,

41 1112 168 1163 cogit
185 1122 286 1150 eum
305 1121 353 1149 se
373 1110 519 1161 ipsum
540 1109 713 1163 lugere.
764 1109 877 1150 Nam
894 1111 983 1150 ista
1001 1112 1194 1151 scicntia
1211 1111 1361 1151 bonae

40 1167 139 1218 spei
157 1164 385 1205 hominem
404 1177 492 1204 non
511 1177 558 1205 se
577 1166 835 1217 iactantem,
857 1167 936 1207 sed
958 1167 1276 1207 lamentantem
1300 1167 1363 1207 fa-

41 1223 117 1262 cit.
179 1221 278 1270 Quo
298 1220 480 1261 adfectu
500 1222 711 1274 impetrat
728 1223 899 1263 sedulis
923 1223 1133 1276 precibus
1154 1224 1364 1263 consola-

39 1278 211 1318 tionem
237 1277 377 1317 divini
406 1278 642 1327 adiutorii,
672 1290 725 1317 ne
753 1279 1074 1331 desperatione
1103 1279 1359 1334 frangatur,

42 1339 87 1373 et
105 1346 205 1374 esse
224 1334 384 1385 incipit
400 1334 444 1372 in
464 1340 624 1385 quarto
642 1334 808 1386 gradu,
843 1334 928 1374 hoc
947 1342 1038 1384 est,
1072 1334 1123 1375 fo
1137 1338 1202 1376 rti
1216 1337 1359 1376 tudi-

39 1389 145 1438 nis,
183 1402 271 1443 quo
301 1389 498 1428 esuritur
522 1396 567 1428 et
589 1390 740 1429 sititur
762 1391 951 1430 iustitia.
1012 1391 1115 1431 Hoc
1146 1393 1261 1431 enim
1282 1393 1359 1433 ad-

38 1444 162 1485 fectu
179 1446 233 1485 ab
254 1447 375 1485 omni
394 1443 632 1484 mortifera
650 1446 930 1486 iocunditate
950 1459 1097 1486 rerum
1121 1452 1358 1488 transeun-

37 1503 148 1540 tium
178 1513 279 1541 sese
307 1499 525 1548 extrahit,
561 1507 607 1540 et
634 1501 736 1540 inde
756 1514 803 1541 se
823 1509 1033 1542 avertens
1054 1506 1282 1544 convertit
1300 1505 1360 1544 ad

38 1557 331 1597 dilectionem
364 1562 674 1605 aeternorum,
729 1558 1140 1598 incommutabilem
1179 1560 1359 1600 scilicet

36 1614 254 1653 unitatem
275 1612 568 1665 eamdemque
587 1614 847 1653 trinitatem.
883 1613 1024 1662 Quam
1045 1616 1117 1655 ubi
1139 1616 1359 1668 adspexe-

39 1670 111 1717 rit,
138 1676 351 1722 quantum
369 1674 535 1721 potest,
565 1670 607 1707 in
628 1669 877 1723 longinqua
895 1671 1168 1719 radiantem,
1195 1673 1356 1725 suique

40 1724 283 1777 adspectus
309 1724 571 1764 infirmitate
601 1725 825 1765 sustinere
852 1739 899 1765 se
926 1727 1049 1766 iilam
1087 1727 1232 1767 iucem
1265 1740 1356 1767 non

39 1792 175 1833 posse
194 1781 487 1833 persenserit,
524 1782 565 1819 in
588 1781 742 1833 quinto
762 1781 919 1834 gradu,
949 1781 1034 1822 hoc
1053 1789 1135 1832 est,
1166 1784 1208 1822 in
1230 1796 1355 1823 con-

42 1836 172 1876 silio
202 1836 644 1876 misericordiae
674 1844 838 1890 purgat
867 1839 1058 1878 animam
1083 1839 1357 1879 tumultuan-

40 1898 131 1932 tem
151 1891 484 1945 quodammodo
514 1898 648 1944 atque
670 1893 1008 1945 obstrepentem
1035 1894 1121 1934 sibi
1141 1895 1195 1935 de
1223 1895 1356 1948 adpe-

39 1949 127 1988 titu
151 1947 417 1987 inferiorum
443 1951 675 2000 conceptis
703 1950 928 1989 sordibus.
988 1950 1078 1989 Hic
1105 1963 1211 1990 vero
1238 1963 1286 1990 se
1311 1954 1359 1990 in

43 2003 290 2043 diiectione
318 2004 509 2055 proximi
532 2004 737 2055 gnaviter
756 2012 954 2054 exercet,
984 2007 1028 2044 in
1056 2018 1197 2059 caque
1223 2008 1356 2060 perfi-

43 2060 173 2107 citur,
204 2065 249 2098 et
268 2071 345 2111 spe
364 2059 451 2097 iam
473 2059 629 2112 plenus
655 2066 786 2112 atque
807 2063 986 2114 integer
1003 2061 1194 2110 viribus,
1221 2076 1356 2115 quum

41 2115 300 2169 pervenerit
318 2126 458 2166 usque
479 2115 531 2154 ad
554 2115 721 2154 inimici
738 2117 1290 2163 ‹lim-tionem,adscendit
1309 2123 1351 2157 in

96 2239 125 2276 ι)
149 2234 204 2267 (21⁷.
227 2236 290 2267 Mt..
313 2241 365 2272 22,
392 2237 442 2269 37.
463 2247 509 2269 ss.
560 2237 596 2279 2)
620 2236 660 2269 Ξ.
686 2241 710 2275 1,
737 2248 766 2269 c.
786 2239 828 2270 2¹3
861 2248 904 2268 st.
