1503 2465
71 103 99 131 X

70 950 97 982 0
69 813 97 891 00
70 721 97 754 0
70 493 98 663 0000
71 356 99 434 00
72 173 100 296 000

68 1364 95 1443 00
67 1088 95 1305 0000&

67 1549 96 2179 000000000

107 103 154 130 [v
480 91 961 134 ARGUMENTUM.

107 198 113 205 .
133 176 164 205 3.
213 177 240 205 1.
262 172 316 205 De
331 173 444 205 relms.
494 174 550 206 De
570 172 707 215 triplici
728 185 845 207 rerum
864 186 1007 216 genere.

106 245 112 250 .
130 222 159 251 4.
210 220 304 257 Quid
323 218 470 262 sitfrm‘
486 223 521 251 et
538 219 594 252 uei
610 221 728 252 rebus.

106 289 113 296 .
134 268 162 296 5.
213 276 244 297 a.
272 265 327 296 De
346 266 456 296 rebus
474 266 605 306 quibus
624 266 814 298 fruendum
834 270 906 299 est:
934 278 1003 299 uno
1022 268 1114 307 Deo,
1142 272 1266 311 patre,
1291 267 1366 301 filio

162 315 198 342 et
216 311 347 351 spiritu
365 313 502 343 sancto.

105 381 112 388 .
133 357 165 388 6.
213 357 331 388 Deum
348 355 573 388 ineffabilem
595 367 685 388 esse.

105 426 112 434 .
130 405 160 434 7.
213 402 329 434 Deum
355 402 399 433 ab
426 403 592 434 omnibus
615 403 766 443 cogitari
793 403 932 446 aliquid
959 415 1027 447 quo
1054 404 1146 438 nihil
1172 404 1300 438 melius
1319 407 1369 438 sit

160 450 266 489 atque
287 446 488 480 sublimius.

104 517 111 524 .
129 495 159 525 8.
208 494 325 526 Deum
347 503 427 526 esse
445 493 777 527 incommutabilem
797 496 908 528 vitam
929 500 965 529 et
979 497 1209 539 sapientiam.

104 564 110 570 .
128 541 159 571 9.
207 539 397 570 Pravitate
417 549 551 571 morum
570 538 735 572 homines
752 552 772 573 a
791 542 869 574 Deo
889 543 1060 583 disiungi.

104 609 109 614 .
130 587 181 616 10.
208 584 265 616 Ad
283 584 478 616 videndum
498 585 614 617 Deum
632 587 859 628 purgandum
873 599 954 620 esse
973 590 1143 621 animum.

103 654 110 661 .
134 634 185 663 ll.
213 629 441 671 Sapientiam
460 631 504 662 ad
522 642 587 662 nos
606 633 767 671 venisse,
793 637 830 665 et
853 635 1001 667 vivendi
1024 636 1130 668 nobis
1155 636 1365 677 praebuisse

156 674 376 717 exemplum,
402 679 442 708 ut
458 675 666 709 aboleretur
683 679 856 720 pravitas.

104 746 111 755 .
134 725 183 754 [2.
211 720 415 764 Sapientia,
434 732 524 764 puro
542 723 708 756 interiori
728 726 830 757 oculo
848 726 981 768 ubique
999 737 1186 769 praesens,
1205 728 1241 759 in
1259 738 1366 760 carne

158 768 331 809 adparuit
349 767 577 801 mortalibus.

101 836 109 844 .
130 816 177 845 13.
207 815 263 846 De
282 814 532 846 incarnatione
550 815 654 848 verbi
668 816 738 848 Dei
757 813 904 860 (λόγου).

104 884 111 891 .
132 862 184 891 14.
212 859 398 897 Quomodo
417 860 518 893 Deus
541 861 660 894 factus
686 861 790 895 homo
815 862 1022 897 hominibus
1039 875 1118 898 cum
1137 875 1203 907 per
1221 871 1365 897 contra-

159 906 225 943 ria,
253 909 326 936 tum
349 916 414 947 per
431 906 565 939 similia
584 908 785 940 medeatur.

103 975 111 983 .
132 954 184 983 15.
213 951 349 983 Christi
369 954 637 986 resurrectione
662 957 698 986 et
725 955 960 988 adscensione
986 956 1092 989 fldem
1121 960 1278 989 nostram
1307 957 1366 989 iir-

158 998 266 1037 mari3
285 1000 321 1029 et
339 999 598 1038 cogitationem
616 1001 775 1042 supremi
794 1001 920 1034 iudicii
939 1013 959 1035 a
977 1013 1088 1044 pravo
1103 1003 1303 1042 deterrere,
1321 1003 1363 1035 ad

157 1043 289 1075 bonum
308 1045 484 1076 excitare.

100 1111 107 1119 .
129 1092 180 1122 16.
206 1088 409 1122 Ecclesiam
428 1101 508 1122 esse
528 1090 665 1124 Christi
687 1104 817 1135 corpus
836 1098 873 1126 et
892 1094 1090 1135 coniugem.

102 1159 108 1166 .
132 1137 182 1167 Π.
211 1135 397 1167 Christum
416 1137 520 1169 nobis
538 1138 631 1170 viam
649 1150 728 1171 esse
748 1143 785 1172 et
801 1140 989 1172 remittere
1008 1146 1169 1182 peccata.

101 1204 107 1211 .
130 1184 181 1213 18.
209 1182 265 1214 De
285 1180 462 1214 ecclesiae
481 1186 665 1225 potestate
684 1189 836 1227 peccata
855 1186 1075 1219 dimittendi.

102 1251 109 1258 .
132 1229 182 1259 19.
211 1228 266 1260 De
282 1228 393 1260 animi
412 1232 448 1260 et
465 1231 630 1271 corporis
648 1235 763 1264 morte
782 1236 890 1274 atque
909 1234 1189 1266 resurrectione.

102 1297 109 1304 .
129 1276 183 1305 20.
214 1273 326 1306 Cuius
351 1275 491 1307 animus
517 1286 588 1308 non
611 1277 839 1316 immutetur,
866 1289 946 1310 eum
974 1279 1242 1313 damnationem
1268 1280 1368 1313 subi-

155 1322 287 1352 turum.

102 1389 109 1397 .
129 1369 181 1398 21.
208 1365 407 1408 lmpiorum
426 1378 582 1410 poenam
602 1372 638 1401 et
656 1370 797 1411 piorum
817 1368 969 1411 gloriam
987 1374 1173 1404 aeternam
1193 1382 1284 1405 esse.

101 1436 108 1443 .
128 1414 182 1444 22.
211 1412 243 1443 b.
268 1412 324 1444 De
343 1414 452 1445 rebus
470 1415 601 1456 quibus
618 1416 791 1447 utendum
810 1420 878 1448 est.
926 1415 1031 1449 Alios
1049 1421 1085 1449 et
1103 1429 1167 1450 nos
1193 1430 1263 1450 non
1283 1429 1365 1460 pro-

157 1460 242 1500 pter
266 1469 302 1490 se
329 1458 483 1500 diligere
510 1460 618 1499 licet,
653 1462 716 1494 sed
742 1462 858 1494 omnis
885 1461 1034 1496 dilectio
1059 1464 1104 1496 ad
1129 1465 1246 1497 Deum
1272 1464 1367 1497 refe-

157 1503 285 1536 renda.
366 1509 369 1511 “
959 1514 966 1519 ”

103 1574 109 1582 .
126 1553 179 1583 23.
207 1550 263 1582 De
283 1556 435 1591 quatuor
451 1552 560 1584 rebus
581 1551 790 1594 diligendis,
813 1557 849 1587 et
865 1564 979 1597 prava
997 1556 1051 1588 sui
1072 1555 1282 1590 dilectione.

101 1622 108 1628 .
127 1599 180 1629 24.
205 1594 397 1629 Neminem
416 1608 560 1630 carnem
579 1610 677 1631 suam
696 1600 829 1633 odisse.

102 1666 108 1674 .
129 1645 183 1674 25.
211 1640 458 1676 Dilectionem
478 1645 610 1677 suimet
623 1645 741 1687 ipsius
760 1646 963 1680 ordinatam
982 1659 1062 1680 esse
1082 1649 1226 1681 debere.

100 1711 107 1718 .
125 1689 179 1720 26.
208 1688 265 1720 De
287 1687 474 1729 diligendo
495 1691 571 1722 Deo
591 1694 627 1722 et
644 1692 814 1733 proximo
833 1698 1070 1736 praeceptum
1091 1695 1266 1728 divinitus
1284 1706 1362 1728 esse

158 1733 292 1772 datum,
321 1735 416 1776 quod
435 1733 599 1768 includat
617 1737 749 1769 suimet
765 1739 882 1780 ipsius
902 1738 1147 1772 dilectionem.

102 1802 109 1809 .
127 1782 180 1811 2⁴1.
208 1779 261 1812 Ut
284 1781 449 1813 ordinate
477 1780 668 1822 diligatur,
695 1784 871 1826 quidquid
891 1784 1056 1826 diligitur
1073 1791 1228 1829 propter
1246 1787 1362 1820 Deum

159 1824 384 1866 diligendum
402 1837 500 1865 esse,
526 1828 642 1861 Deum
660 1834 813 1871 propter
831 1841 868 1863 se
887 1831 1018 1873 ipsum.
1386 1872 1389 1873 ⁷

97 1893 105 1902 .
123 1874 178 1904 28.
207 1873 321 1909 Quum
339 1873 504 1905 omnibus
528 1884 766 1916 nequeamuS‚
793 1877 864 1915 cis,
890 1878 949 1920 qui
975 1878 1242 1911 coniunctiores
1267 1884 1364 1918 sunt,

156 1919 435 1950 succurrendum
453 1930 543 1951 esse.

100 1987 108 1995 .
126 1966 182 1997 29.
209 1964 356 2001 Omnes,
383 1975 470 2007 quos
494 1966 566 2008 ipsi
594 1965 797 2008 diligimus,
823 1969 867 2001 ad
887 1969 1003 2002 Deum
1023 1968 1247 2011 diligendum
1273 1971 1361 2003 inci·

156 2010 286 2042 tandos
305 2021 394 2042 esse.

99 2079 106 2086 .
124 2057 175 2089 30.
203 2055 351 2088 Omnem
375 2067 473 2096 eum,
501 2068 520 2089 a
539 2068 606 2100 quo
634 2069 716 2099 nos,
751 2058 810 2092 vel
835 2061 893 2103 qui
921 2072 942 2094 a
965 2061 1072 2094 nobis
1094 2062 1208 2095 iuvari
1235 2064 1362 2106 possit,

155 2111 361 2143 proximum
380 2114 472 2136 esse.

101 2171 108 2180 .
128 2149 183 2180 31.
211 2148 328 2181 Deum
348 2150 491 2192 quidem
513 2148 666 2192 diligere
684 2163 760 2191 nos,
788 2153 850 2186 sed
871 2165 941 2186 non
957 2153 1029 2186 frui
1048 2155 1163 2188 nobis.
