1503 2465
116 143 195 183 130
470 140 707 181 AURELII
735 140 1054 182 AUGUS'rlNI

115 227 254 267 tionis
281 224 505 278 exempla,
534 237 815 278 nequaquam
837 231 988 265 tamen
1011 230 1168 278 putare
1190 224 1422 275 debemus,

118 282 362 322 imitandos
383 294 462 320 eos
482 280 611 320 nobis
631 292 732 319 esse
748 280 792 318 in
817 281 903 330 eis,
931 294 1044 333 quae
1069 281 1125 320 ad
1146 281 1422 321 exercendas

119 343 165 378 et
184 337 429 377 elimandas
449 335 780 388 quodammodo
801 341 974 375 mentes
998 336 1267 389 legentium,
1297 342 1342 375 et
1368 335 1427 375 ad

118 392 369 444 rumpenda
389 391 577 430 fastidia
600 397 733 443 atque
759 392 961 431 acuenda
984 392 1133 431 studia
1151 391 1326 431 discere
1350 404 1427 431 vo-

119 449 327 496 lentium,
353 446 568 487 celandos
594 458 791 498 quoque,
818 447 912 485 sive
943 452 989 486 ut
1012 447 1067 486 ad
1090 447 1306 500 pietatem
1323 459 1427 486 con-

120 509 377 551 vertantur,
414 503 508 541 sive
534 508 583 540 ut
608 514 634 540 a
659 502 886 554 mysteriis
908 503 1219 551 secludantur,
1254 504 1427 542 animos

121 560 360 611 impiorum
387 557 485 596 utili
512 569 563 596 ac
582 556 751 596 salubri
772 557 1049 597 obscuritate
1070 558 1292 598 dixerunt.
1353 557 1428 599 Sic

123 617 286 668 quippe
306 614 373 652 illi
392 612 533 652 locuti
552 617 674 661 sunt,
712 618 761 651 ut
777 613 1079 665 posteriores,
1109 613 1185 665 qui
1204 626 1283 653 eos
1302 620 1428 653 recte

121 671 434 723 intelligerent
452 674 496 708 et
514 674 810 720 exponerent,
836 668 1024 708 alteram
1044 669 1255 722 gratiam,
1283 668 1430 721 dispa-

123 739 218 766 rem
244 726 421 778 quidem
437 754 446 772 ,
475 736 624 762 verum
647 727 795 762 tamen
822 724 1169 777 subsequentem
1190 726 1237 764 in
1253 723 1340 763 Dei
1360 737 1429 763 ec-

126 782 268 822 clesia
295 780 559 832 reperirent.
619 777 720 818 Non
747 791 856 832 ergo
883 780 1168 833 expositores
1194 791 1349 819 eorum
1366 779 1432 819 ita

124 839 247 890 loqui
272 837 450 884 debent,
469 841 692 887 tamquam
711 846 758 873 se
777 835 864 887 ipsi
883 836 1174 887 exponendos
1194 834 1330 875 simili
1357 848 1431 874 au-

126 893 339 933 ctoritate
359 895 626 944 proponant,
646 890 725 929 sed
744 890 789 928 in
811 891 1015 931 omnibus
1035 890 1318 930 sermonibus
1337 892 1429 931 suis

124 949 330 1003 primitus
351 960 402 986 ae
432 946 643 994 maxime,
677 950 726 984 ut
750 945 1082 999 intelligantur,
1118 946 1353 986 elaborent
1378 958 1432 985 ea

125 1010 338 1057 quantum
358 1006 546 1054 possunt
564 1000 890 1053 perspicuitate
911 1002 1111 1051 dicendi,
1140 1007 1187 1041 ut
1217 1006 1294 1041 aut
1320 1001 1431 1041 mul-

123 1066 219 1100 tum
241 1058 396 1098 tardus
428 1058 486 1096 sit
514 1057 589 1109 qui
612 1068 701 1094 non
720 1056 971 1110 intelligat,
998 1064 1074 1097 aut
1089 1059 1132 1096 in
1152 1069 1301 1096 rerum
1320 1069 1430 1110 quas

127 1115 355 1167 explicare
395 1118 528 1164 atque
569 1111 809 1151 ostendere
842 1113 1047 1152 volumus
1081 1113 1343 1153 difficultate
1378 1125 1432 1152 ac

127 1170 399 1217 subtilitate,
430 1182 519 1206 non
541 1168 587 1206 in
614 1172 770 1206 nostra
795 1167 1026 1208 locutione
1046 1170 1104 1208 sit
1124 1181 1305 1217 caussa,
1341 1181 1430 1221 quo

126 1227 273 1267 minus
292 1224 522 1264 tardiusve
541 1223 661 1276 quod
679 1222 869 1264 dicimus
889 1225 1034 1277 possit
1053 1224 1264 1277 intelligi.

186 1282 233 1320 C.
260 1280 334 1320 1X.
396 1279 507 1319 Sunt
532 1278 649 1317 enim
673 1278 911 1330 quaedam,
946 1292 1059 1332 quae
1084 1281 1127 1319 vi
1151 1292 1233 1319 sua
1256 1291 1345 1319 non
1367 1279 1432 1319 in-

126 1338 418 1389 telliguntur,
463 1339 540 1373 aut
580 1334 656 1373 vix
693 1334 1027 1388 intelliguntur,
1066 1335 1347 1388 quantolibet
1388 1340 1435 1374 et

129 1391 478 1446 quantumlibet,
507 1389 707 1442 quamvis
725 1389 1008 1441 planissime,
1036 1391 1227 1430 dicentis
1252 1401 1434 1430 versen-

128 1455 201 1489 tur
225 1447 429 1499 eloquio‚
463 1457 576 1498 quae
599 1446 645 1484 in
670 1445 825 1497 populi
850 1446 1121 1486 audientiam
1143 1445 1216 1484 vel
1237 1457 1360 1494 raro,
1393 1446 1434 1485 si

131 1502 303 1556 aliquid
326 1506 480 1554 urget,
515 1501 589 1540 vel
612 1512 850 1552 numquam
871 1502 1049 1540 omnino
1080 1502 1298 1541 mittenda
1314 1507 1430 1541 sunt.

127 1560 180 1599 In
198 1558 324 1598 libris
347 1562 516 1604 autem,
544 1555 618 1609 qui
641 1557 706 1595 ita
729 1557 1006 1605 scribuntur,
1031 1562 1080 1596 ut
1105 1557 1191 1609 ipsi
1216 1557 1303 1595 sibi
1324 1569 1432 1609 quo-

132 1612 370 1654 dammodo
394 1612 611 1651 lectorem
635 1616 840 1660 teneant,
875 1625 1008 1665 quum
1038 1613 1355 1665 intelliguntur
1373 1614 1429 1662 ¹),

129 1683 263 1722 quum
292 1674 441 1707 autem
468 1679 555 1706 non
582 1666 916 1718 intelliguntur,
943 1668 1123 1707 molesti
1142 1681 1229 1707 non
1249 1668 1338 1707 sint
1353 1679 1431 1707 no-

127 1724 324 1765 lentibus
344 1724 514 1775 legere,
542 1727 586 1761 et
603 1722 649 1761 in
667 1722 918 1774 aliquorum
939 1723 1322 1763 collocutionibus
1341 1735 1432 1763 non

125 1806 468 1821 ——u————

178 1855 212 1896 Ι)
232 1854 308 1892 „In
326 1855 426 1896 prius
443 1856 571 1888 editis:
597 1867 675 1888 cum
695 1854 976 1898 intelliguntur,
1002 1855 1153 1889 molesti
1172 1866 1246 1888 non
1268 1855 1342 1889 sint
1365 1865 1431 1889 vo·-

131 1900 286 1934 lentibus
312 1901 430 1943 legere
439 1913 451 1938 ;
480 1913 559 1935 cum
577 1907 699 1934 mittem
714 1912 790 1935 nou
807 1901 1065 1945 intelliguntur
1076 1927 1084 1940 ‚
1109 1901 1256 1935 molesti
1269 1912 1342 1934 non
1358 1901 1433 1935 sint

129 1945 336 1979 nolentibus
355 1948 482 1989 legere.
520 1948 571 1981 Ec
588 1947 623 1980 ἰιι
641 1948 847 1993 aliquorum
864 1951 931 1980 etc.
983 1949 1088 1980 Hunc
1105 1947 1223 1980 locum
1240 1948 1329 1980 Mss.
1347 1948 1433 1979 sub-

134 1991 230 2025 sidio
249 1991 485 2026 liberavimus
503 1995 545 2026 ab
566 1995 691 2036 inepto
710 1993 949 2035 glossemate,
981 1998 1018 2026 et
1036 2005 1148 2036 prava
1165 1994 1432 2036 interpunctio-

134 2049 192 2076 ne,
204 2048 294 2080 quae
312 2049 333 2070 a
350 2049 388 2070 se
406 2040 559 2072 invicem
580 2040 808 2073 distrahebat
825 2044 950 2083 partes
970 2039 1074 2073 liuius
1093 2041 1378 2083 propositionis:
1396 2038 1434 2070 in

137 2084 237 2117 libris
255 2089 380 2117 autem
395 2104 439 2109 ——-
455 2096 528 2118 non
545 2091 597 2118 est
614 2086 683 2118 lmc
699 2084 860 2129 officinm
878 2089 1147 2119 deserendmn.“
1176 2087 1264 2118 Ben.
1313 2085 1433 2117 Aliam

135 2130 335 2163 lectionem
360 2135 505 2164 secutus
533 2136 590 2164 est
610 2131 768 2170 calixt„
803 2133 859 2165 cui
885 2133 1091 2165 adsentitur
1110 2143 1200 2165 unus
1219 2132 1296 2164 cod.
1314 2132 1434 2172 Lips-

137 2187 246 2222 quum
269 2176 402 2215 intell„
427 2179 511 2210 mol.
534 2189 606 2209 non
628 2177 703 2210 sinc
725 2178 929 2212 nolentibus
955 2180 1000 2216 l.,·
1027 2189 1134 2224 quum
1155 2183 1231 2213 aut.
1258 2189 1333 2211 nvn
1355 2177 1435 2214 int„

138 2223 226 2256 mol.
242 2233 315 2255 non
331 2221 406 2256 sinc
424 2224 625 2258 volentibus
643 2225 713 2267 leg.
