1503 2465
242 111 323 152 DE
356 113 657 157 DOCTRINA
692 118 923 161 CHRIST.
984 120 1096 162 Llss.
1130 122 1204 165 lv.
1300 125 1379 166 119

69 208 176 236 vero
197 196 293 237 sine
313 198 535 250 sapientia
553 201 735 241 nimium
756 204 919 243 obesse
937 204 1217 260 plerumque,
1248 209 1380 260 prod-

71 264 172 292 esse
200 257 540 305 numquam.“¹)
602 257 646 297 si
676 270 785 311 ergo
820 258 903 299 hoc
922 260 1013 309 illi,
1043 263 1118 314 qui
1137 271 1382 317 praecepta

69 309 358 361 eloquentiae
376 309 679 362 tradiderunt,
712 314 756 353 in
777 315 947 354 eisdem
974 316 1120 367 libris,
1153 319 1197 357 in
1218 320 1379 371 quibus

68 364 116 403 id
145 369 354 417 egerunt,
383 366 572 406 veritate
600 368 847 422 instigante
867 373 1015 411 eoacti
1034 379 1138 413 sunt
1155 375 1381 425 confiteri,

68 432 241 469 veram,
275 418 361 459 hoc
393 429 480 470 est,
516 436 776 475 supernam,
813 439 926 479 quae
954 441 980 467 a
1013 436 1139 481 patre
1164 430 1381 471 luminum

71 475 325 525 deseendit,
352 478 618 529 sapientiam
638 481 915 531 nescientes,
948 491 1114 536 quanto
1134 486 1277 539 magis
1299 502 1380 526 nos

70 545 157 570 non
176 532 298 571 alind
316 533 483 572 sentire
504 535 718 575 debemus
734 568 743 585 ,
771 538 844 590 qui
865 537 994 578 huius
1021 541 1272 593 sapientiae
1298 543 1381 582 filii

70 593 114 626 et
137 587 329 626 ministri
347 590 517 630 sumus!
547 590 783 644 Sapienter
801 600 949 633 autem
970 596 1081 636 dicit
1098 595 1230 637 homo
1255 605 1379 638 tanto

69 643 212 695 magis
234 643 302 682 vel
321 644 485 693 minus,
516 653 682 699 quanto
703 649 746 687 in
777 650 1012 702 scripturis
1040 653 1208 692 sanctis
1235 655 1380 707 magis

68 699 271 738 minusve
297 700 509 752 profecit:
542 716 627 741 non
651 703 752 743 dico
786 706 829 744 in
861 708 925 746 eis
959 708 1143 747 multum
1172 709 1379 763 legendis

67 754 403 808 memoriaeque
424 758 708 808 mandandis,
737 761 817 800 sed
835 762 948 801 bene
968 762 1304 817 intelligendis,
1335 771 1381 806 et

69 809 312 862 diligenter
331 823 482 851 earum
502 815 708 855 sensibus
727 816 1008 870 indagandis.
1037 819 1149 859 Sunt
1168 821 1286 860 enim
1305 823 1380 874 qui

69 878 144 905 eas
167 866 322 919 legunt
340 873 384 906 et
404 868 654 922 negligunt:
683 871 840 925 legunt
859 879 906 913 ut
923 880 1120 925 teneant,
1142 878 1381 931 negligunt

67 934 121 960 ne
141 922 410 975 intelligant.
467 925 638 972 Quibus
659 927 797 981 longe
817 929 914 969 sine
934 930 1069 970 dubio
1089 932 1381 984 praeferendi

66 983 190 1024 sunt,
227 980 301 1030 qui
328 979 463 1018 verba
489 993 639 1020 earnm
671 985 815 1023 minus
841 990 1014 1035 tenent,
1050 993 1094 1026 et
1126 1000 1205 1027 cor
1224 1001 1379 1029 earum

67 1034 136 1072 sui
171 1034 321 1072 cordis
352 1036 495 1075 oculis
521 1037 687 1078 vident.
750 1039 838 1079 Sed
864 1043 1066 1095 utrisque
1091 1043 1170 1083 ille
1198 1045 1377 1094 melior,

67 1089 143 1142 qui
169 1094 213 1129 et
238 1102 370 1142 quum
395 1091 517 1131 volet
543 1105 619 1132 eas
645 1094 778 1144 dicit,
804 1102 848 1135 et
875 1099 992 1137 sieut
1012 1104 1193 1151 oportet
1211 1101 1380 1141 intelli-

65 1144 145 1198 git.
211 1145 327 1184 Huic
351 1158 460 1200 ergo
490 1149 567 1200 qui
598 1151 829 1203 sapienter
861 1152 998 1193 debet
1030 1155 1203 1202 dicere,
1241 1159 1378 1196 etiam

65 1201 185 1253 quod
206 1213 292 1239 non
314 1207 466 1253 potest
485 1204 770 1257 eloquenter,
806 1209 943 1248 verba
969 1211 1290 1263 seripturarum
1314 1219 1380 1252 te-

64 1268 171 1294 nere
193 1258 381 1296 maxime
401 1262 704 1301 necessarium
727 1269 808 1303 est.
869 1264 1048 1312 Quanto
1070 1268 1186 1307 enim
1206 1281 1254 1307 se
1275 1281 1378 1320 pau-

63 1312 289 1364 periorem
315 1315 460 1353 cernit
481 1317 525 1355 in
550 1318 664 1366 suis,
698 1323 822 1358 tanto
849 1333 949 1360 eum
985 1329 1167 1374 oportet
1199 1324 1243 1362 in
1277 1324 1378 1364 istis

65 1379 166 1406 esse
187 1368 417 1417 ditiorem,
445 1376 493 1410 ut
512 1373 631 1424 quod
653 1373 820 1414 dixerit
837 1377 930 1415 suis
952 1378 1115 1427 verbis,
1143 1379 1305 1431 probet
1323 1392 1380 1420 ex

62 1423 169 1471 illis,
191 1429 235 1462 et
255 1426 328 1476 qui
350 1427 542 1477 propriis
563 1429 709 1468 verbis
733 1431 878 1470 minor
897 1439 1008 1481 erat,
1027 1447 1293 1487 magnorum
1312 1442 1377 1474 te-

63 1479 276 1518 stimonio
298 1481 629 1532 quodammodo
651 1495 841 1526 crescat.
904 1487 1145 1529 Probando
1166 1492 1283 1530 enim
1303 1491 1378 1531 de-

62 1534 222 1583 lectat,
262 1536 334 1588 qui
359 1537 505 1577 minus
531 1545 682 1591 potest
702 1540 931 1583 delectare
957 1544 1166 1585 dicendo.
1229 1546 1376 1586 Porro

63 1591 134 1642 qui
170 1604 257 1629 non
290 1591 435 1631 solum
470 1595 723 1646 sapienter,
757 1610 911 1639 rerum
945 1601 1079 1640 etiam
1109 1602 1379 1656 eloquenter

60 1645 154 1685 vult
170 1645 336 1696 dicere,
353 1650 564 1700 quoniam
582 1650 788 1703 profecto
806 1655 905 1706 plus
922 1657 1140 1708 proderit,
1157 1660 1194 1697 si
1211 1663 1376 1698 utrum·

61 1714 146 1754 que
175 1704 396 1753 potuerit,
427 1704 482 1744 ad
508 1706 726 1759 legendos
754 1710 825 1749 vel
854 1713 1105 1752 audiendos
1131 1720 1176 1754 et
1202 1717 1375 1755 exerci-

58 1758 234 1797 tatione
267 1758 509 1800 imitandos
545 1764 811 1815 eloquentes
846 1778 945 1807 eum
976 1769 1106 1808 mitto
1143 1770 1373 1819 libentius,

61 1825 190 1865 quam
210 1816 438 1866 magistris
458 1819 568 1857 artis
590 1817 844 1861 rhetoricae
866 1837 1026 1863 vacare
1050 1827 1303 1878 praecipip;
1335 1827 1373 1865 si

57 1874 206 1907 tamen
228 1871 289 1918 ei,
322 1871 396 1923 qni
417 1872 627 1925 leguntur
646 1882 690 1914 et
709 1877 968 1929 audiuntur,
996 1894 1083 1919 non
1106 1882 1252 1921 solum
1279 1882 1372 1921 elo-

59 1930 261 1976 quenter,
283 1925 517 1966 sedetiam
538 1931 766 1982 sapienter
781 1934 950 1974 dixisse
969 1936 1035 1975 vel
1053 1936 1204 1976 dicere
1220 1938 1373 1977 veraci

58 1980 397 2030 praedicatione
432 1984 684 2026 laudantur.
747 1988 832 2036 Qui
867 1993 982 2030 enim
1015 1992 1283 2044 eloquenter
1307 1993 1371 2032 di-

58 2043 180 2082 cunt,
215 2038 436 2087 suaviter,
474 2041 545 2092 qui
566 2043 812 2093 sapienter,
849 2047 1369 2088 salubriteraudiuntur.

58 2088 249 2142 Propter
276 2093 395 2145 quod
420 2108 507 2135 non
535 2098 598 2136 ait
616 2101 857 2153 scriptura:
890 2103 1131 2144 multitudo
1154 2104 1368 2158 eloquen-

106 2214 138 2253 1)
159 2210 217 2244 Cf.
237 2212 313 2246 Cic.
335 2214 378 2247 de
396 2216 530 2251 invent.
558 2223 583 2257 Ι,
607 2223 631 2251 1.
