1503 2465
148 105 223 147 152
500 100 734 141 AURELII
763 98 1081 140 AUGUSTINI

144 200 312 243 genere
330 191 580 238 temperato
603 190 670 224 est
691 184 807 236 apud
831 184 1101 236 Cyprianum
1117 185 1155 233 ¹)
1176 183 1447 237 virginitatis

142 245 224 286 illa
256 243 478 283 laudatio:
521 240 689 288 „Nunc
723 239 852 278 nobis
887 239 941 278 ad
966 240 1164 292 virgines
1189 251 1336 279 sermo
1366 246 1445 288 est,

144 312 329 354 quarum
342 310 428 351 quo
449 297 686 336 sublimior
703 295 851 348 gloria
870 300 951 341 est,
972 295 1115 334 maior
1133 300 1178 334 et
1196 307 1315 334 cura.
1341 295 1445 334 Flos

145 362 215 396 est
233 355 310 394 ille
332 352 632 393 ecclesiastici
651 351 880 404 germinis,
913 350 1049 390 decus
1068 356 1200 403 atque
1221 362 1448 390 ornamen-

143 418 237 451 tum
259 410 434 463 gratiae
459 407 699 461 spiritalis,
730 407 850 445 laeta
874 405 1051 445 indoles
1076 406 1221 446 laudis
1251 411 1295 445 et
1312 404 1448 445 hono-

143 468 230 514 ris,
266 479 377 518 opus
402 465 628 517 integrum
653 468 786 514 atque
814 462 1144 513 incorruptum,
1181 461 1269 501 Dei
1298 462 1445 514 imago

143 521 424 575 respondens
445 521 499 559 ad
519 519 863 559 sanctimoniam
881 516 1078 565 Domini,
1109 518 1333 557 illustrior
1351 529 1446 569 por-

143 579 210 618 tio
239 578 394 630 gregis
415 574 595 614 Christi.
659 573 838 613 Gaudet
866 585 946 625 per
968 573 1112 625 ipsas,
1145 579 1276 625 atque
1296 573 1446 611 inillis

143 634 334 686 largiter
356 631 490 671 floret
514 630 738 670 ecclesiae
767 628 921 668 matris
948 629 1152 681 gloriosa
1174 628 1447 677 fecunditas3

145 694 403 742 quantoque
435 687 535 739 plus
564 685 770 738 gloriosa
796 684 1030 737 virginitas
1056 696 1241 724 numero
1269 697 1349 723 suo
1376 683 1448 722 ad-

144 746 229 792 dit,
264 749 389 783 tanto
417 743 515 795 plus
542 740 754 794 gaudium
777 741 934 779 matris
961 741 1212 793 augescit.“
1270 740 1328 778 Et
1356 739 1445 781 alio

142 801 247 840 loco
267 800 311 838 in
331 799 418 838 fine
438 797 658 851 epistolae
672 797 733 846 ²):
767 826 792 845 „
810 795 1048 843 Quomodo
1068 797 1357 849 portavimus,
1383 796 1446 834 in-

144 856 262 909 quit,
287 854 529 907 imaginem
550 853 645 892 eius
666 854 741 904 qui
761 852 814 891 de
835 852 941 891 limo
963 858 1051 901 est,
1071 853 1135 891 sic
1154 857 1382 905 portemus
1405 854 1450 889 et

143 912 385 964 imaginem
412 911 507 949 eius
536 910 607 961 qui
637 909 691 947 de
711 907 842 947 coelo
863 908 1000 957 est.3)
1060 907 1188 947 Hanc
1209 907 1449 960 imaginem

142 967 381 1020 virginitas
401 970 571 1018 portat,
605 964 1029 1016 portatintegritas,
1065 963 1279 1003 sanctitas
1299 968 1450 1015 portat

144 1028 190 1063 et
214 1025 400 1071 veritas;
439 1025 623 1072 portant
648 1019 913 1072 disciplinae
942 1018 1027 1057 Dei
1054 1031 1299 1067 memores,
1324 1019 1448 1057 iusti-

142 1080 251 1119 tiam
271 1090 367 1117 cum
386 1077 609 1130 religione
630 1075 894 1124 retinentes,
916 1075 1104 1114 stabiles
1123 1076 1168 1114 in
1188 1075 1288 1122 fide,
1309 1073 1448 1113 humi-

143 1135 210 1174 les
228 1134 272 1173 in
293 1135 469 1181 timore,
489 1131 545 1171 ad
565 1144 740 1171 omnem
758 1131 1046 1170 tolerantiam
1065 1130 1223 1180 fortes,
1245 1131 1298 1169 ad
1316 1129 1449 1169 susti-

143 1190 313 1230 nendas
337 1188 524 1228 iniurias
555 1189 709 1236 mites,
748 1187 804 1226 ad
823 1186 1074 1226 faciendam
1092 1185 1449 1226 misericordiam

143 1238 327 1295 faciles,
371 1244 573 1284 fraterna
606 1255 715 1296 pace
750 1243 981 1282 unanimes
1016 1248 1148 1295 atque
1182 1242 1445 1282 concordes.

145 1303 271 1350 Quae
288 1313 369 1340 vos
389 1299 580 1353 singula,
611 1312 635 1338 o
654 1299 799 1338 bonae
818 1299 1032 1351 virgines,
1059 1299 1321 1346 observare,
1351 1296 1448 1336 dili-

141 1370 268 1412 gere,
288 1356 475 1409 implere
496 1355 686 1403 debetis,
707 1367 819 1407 quae
838 1354 937 1393 Deo
960 1360 1004 1393 et
1023 1352 1200 1393 Christo
1223 1358 1447 1400 vacantes,

145 1414 202 1453 ad
233 1413 474 1452 Dominum
509 1412 581 1450 eui
613 1424 693 1449 vos
731 1410 939 1459 dicastis,
982 1410 1152 1449 maiore
1186 1415 1230 1448 et
1260 1409 1447 1448 meliore

145 1475 271 1523 parte
294 1467 580 1520 praeceditis.
616 1465 864 1505 Provectae
882 1466 1022 1514 annis,
1042 1465 1293 1504 iunioribus
1312 1464 1448 1503 facite

144 1524 477 1578 magistei·iuni;
509 1523 706 1561 minores
728 1528 847 1568 natu,
876 1521 1088 1573 praebete
1107 1521 1352 1560 maioribus
1372 1520 1449 1559 mi-

146 1582 400 1628 nisterium,
442 1577 726 1630 comparibus
762 1577 1119 1627 incitamentum,
1155 1575 1449 1616 hortamentis

148 1650 226 1676 vos
250 1637 415 1675 mutuis
451 1635 665 1681 excitate,
701 1633 888 1672 aemulis
921 1632 974 1671 de
1009 1633 1177 1673 virtute
1213 1633 1450 1672 documen-

146 1694 203 1732 tis
229 1691 283 1731 ad
311 1691 502 1744 gloriam
527 1697 792 1741 provocate3
823 1688 978 1727 durate
1005 1687 1208 1737 fortiter,
1241 1686 1449 1740 spiritali-

144 1754 216 1787 ter
240 1748 436 1800 pergite,
472 1744 702 1797 pervenite
729 1743 944 1792 feliciter3
977 1749 1145 1783 tantum
1176 1748 1449 1782 mementote

146 1802 313 1851 nunc‘1)
337 1802 499 1848 nostri,
535 1812 667 1852 quum
688 1800 937 1851 incipietin
956 1799 1082 1838 vobis
1109 1799 1344 1851 virginitas
1373 1796 1450 1837 ho·
1502 1807 1503 1817 ³

146 1860 346 1898 norari.“
385 1857 645 1896 Ambrosius
666 1857 798 1894 etiam
819 1867 984 1908 genere
1005 1855 1183 1894 dicendi
1201 1858 1450 1907 temperato

149 1920 193 1954 et
213 1919 371 1953 ornato
391 1911 611 1964 professis
632 1910 880 1963 virginibus
899 1912 1111 1963 proponit
1129 1915 1348 1963 tamquam
1370 1907 1451 1948 sub

149 1970 342 2022 exempli
370 1968 535 2017 forma,
561 1967 681 2019 quod
703 1966 902 2006 moribus
921 1967 1171 2015 imitentur,
1201 1972 1245 2005 et
1264 1966 1448 2016 dicit⁵):

199 2109 231 2145 1)
254 2108 308 2140 De
330 2107 453 2139 habitu
471 2107 651 2147 virginum
671 2116 699 2138 c.
718 2108 750 2137 3.
784 2104 821 2146 ⁶2)
841 2103 894 2137 lb.
913 2116 941 2138 c.
964 2107 1015 2137 18.
1051 2106 1087 2147 3)
1110 2105 1166 2138 Cf.
1188 2110 1201 2138 l
1224 2105 1305 2138 Cor.
1327 2107 1378 2143 15,
1394 2106 1450 2138 49.

148 2154 302 2232 &signa
316 2153 391 2231 Elia,
414 2152 491 2186 Cal.
511 2157 547 2186 et
567 2153 669 2186 codd.
688 2153 810 2195 Lips.:
837 2156 923 2184 tunc
941 2151 1069 2184 nostri.
1119 2152 1155 2194 5)
1178 2153 1231 2185 De
1249 2152 1450 2193 virginibus
