1503 2465
322 92 718 136 ENCHIRIDION
746 95 822 136 AD
854 95 1147 138 LAURENT.
1312 98 1391 138 187

77 179 134 220 lis
170 178 345 232 angelis
378 178 719 219 subministrare
750 181 885 220 vitam
918 181 1209 234 vivacemque
1233 186 1389 234 poten-

76 237 184 275 tiam
205 236 339 287 (quae
359 234 718 274 subministratio
740 237 775 275 si
797 235 1052 285 auferatur,
1080 238 1389 289 intercidit¹);

80 297 126 331 et
150 289 377 329 hominum
399 290 600 342 quamvis
624 291 678 330 de
706 292 953 344 propagine
980 292 1139 332 vitiata
1162 293 1390 333 damnata-

81 359 166 399 que
186 345 463 385 nascentium
482 345 679 385 formare.
699 347 871 386 semina
885 353 929 387 et
948 349 1162 398 animare,
1178 349 1389 388 ordinare

78 402 299 450 membra,
328 413 409 454 per
424 406 675 455 temporum
697 407 893 451 aetates,
919 415 1000 455 per
1021 403 1225 443 locorum
1246 405 1393 456 spatia

79 464 292 510 vegetare
312 469 491 506 sensus,
522 457 736 497 alimenta
754 458 937 498 donare.
997 459 1163 498 Melius
1190 462 1307 499 enim
1326 461 1391 498 iu·

82 513 250 553 dicavit
275 513 329 552 de
356 513 487 553 malis
513 513 628 552 bene
648 512 822 562 facere,
859 527 989 566 quam
1008 515 1125 553 mala
1146 515 1270 554 nulla
1289 527 1390 554 esse

78 568 355 623 permittere.
416 568 473 608 Et
493 569 531 608 si
550 569 729 621 quidem
748 570 792 608 in
812 570 971 609 melius
1000 569 1226 610 hominum
1248 571 1391 610 refor-

78 624 323 665 mationem
349 623 515 664 nullam
549 637 734 678 prorsus
759 637 859 664 esse
884 625 1126 675 voluisset,
1164 628 1282 666 sicut
1314 627 1391 666 im-

79 681 256 734 piorum
274 679 398 719 nulla
417 686 486 719 est
503 680 786 733 angelorum,
815 693 960 720 nonne
978 682 1141 721 merito
1163 683 1316 732 fieret,
1346 687 1392 721 ut

81 742 263 784 natura,
299 747 412 788 quae
436 735 581 775 Deum
607 736 827 783 deseruit,
866 749 978 789 quae
1005 743 1294 791 praeceptum
1324 739 1392 777 sui

80 787 324 840 creatoris,
352 791 471 843 quod
491 791 721 831 custodire
741 791 958 832 facillime
977 799 1153 846 posset,
1179 806 1259 833 sua
1277 794 1393 833 male

82 853 212 887 utens
234 852 461 899 potestate
481 847 672 887 calcavit
691 853 824 901 atque
843 853 1132 901 transgressa
1151 855 1242 898 est,
1279 861 1393 902 quae

82 904 129 943 in
158 915 205 942 se
231 903 300 942 sui
326 905 544 942 creatoris
568 903 808 956 imaginem
835 903 889 943 ab
917 905 1013 944 eius
1042 905 1209 945 lumine
1239 911 1394 945 contu·

83 959 272 998 maciter
299 970 458 998 aversa
485 959 692 1008 violavit,
733 971 846 1012 quae
874 960 1098 999 salubrem
1128 962 1392 1000 servitutem

83 1015 138 1054 ab
156 1014 253 1053 eius
271 1013 450 1067 legibus
465 1015 580 1053 male
598 1015 740 1054 libero
762 1016 940 1068 abrupit
959 1017 1164 1065 arbitrio,
1182 1017 1394 1056 universa

81 1070 128 1108 in
163 1075 395 1109 aeternum
428 1070 715 1109 desereretur
746 1071 799 1110 ab
825 1083 900 1118 ΘΟ,
938 1078 982 1111 et
1011 1085 1089 1125 pro
1117 1086 1199 1111 suo
1228 1073 1391 1112 merito

82 1137 271 1178 poenam
307 1125 526 1177 penderet
558 1127 900 1178 senqnternam‘e
934 1127 1071 1167 Plane
1107 1129 1170 1167 ita
1203 1128 1391 1177 faceret,

83 1183 121 1220 si
142 1187 311 1221 tantum
330 1183 497 1229 iustus,
531 1194 618 1220 non
639 1184 772 1221 etiam
794 1184 1051 1223 misericors
1073 1189 1214 1232 esset,
1247 1197 1391 1223 suam-

83 1250 168 1289 que
186 1237 430 1276 indebitam
451 1237 807 1277 misericordiam
827 1239 966 1278 multo
989 1239 1242 1279 evidentius
1264 1240 1310 1279 in
1327 1241 1394 1279 in-

84 1293 320 1346 dignorum
341 1293 490 1344 potius
508 1293 776 1332 liberatione
796 1300 1082 1334 monstraret.

140 1349 185 1387 C.
207 1347 410 1388 XXVIII.
471 1349 654 1401 Angelis
673 1349 812 1402 igitur
831 1350 1056 1402 aliquibus
1076 1351 1212 1402 impia
1239 1363 1392 1403 super-

81 1404 159 1444 bia
177 1403 490 1443 deserentibus
511 1403 678 1453 Deum,
707 1410 751 1443 et
770 1407 811 1443 in
833 1403 962 1445 liuius
983 1406 1101 1445 aeris
1126 1408 1256 1445 imam
1284 1407 1392 1446 cali-

85 1462 233 1513 ginem
255 1459 308 1498 de
329 1472 522 1512 superna
541 1460 728 1499 coelesti
753 1459 1032 1500 habitatione
1053 1461 1260 1509 deiectis,
1280 1464 1391 1502 resi-

85 1516 198 1555 duus
222 1527 430 1555 numerus
458 1516 720 1568 angelorum
750 1517 792 1555 in
812 1522 997 1555 aeterna
1015 1530 1111 1556 eum
1132 1517 1229 1556 Deo
1249 1518 1391 1557 beati·

82 1571 238 1611 tudine
259 1578 303 1610 et
321 1573 561 1611 sanctitate
582 1572 840 1624 permansit.
903 1571 1059 1625 Neque
1079 1574 1195 1612 enim
1221 1585 1276 1613 ex
1300 1586 1390 1612 uno

85 1627 247 1679 angelo
275 1627 400 1679 lapso
428 1632 559 1678 atque
587 1627 795 1666 damnato
826 1629 966 1667 ceteri
1001 1630 1239 1681 propagati
1273 1634 1391 1677 sunt,

84 1688 133 1722 ut
160 1695 239 1721 eos
265 1683 382 1722 sicut
401 1680 603 1722 homines
625 1683 846 1735 originale
866 1683 1028 1722 malum
1049 1684 1273 1724 obnoxiae
1294 1697 1391 1723 suc-

85 1739 306 1778 cessionis
332 1739 522 1777 vinculis
548 1738 796 1791 obligaret,
824 1744 957 1792 atque
982 1740 1218 1779 universos
1243 1739 1391 1779 trahe-

82 1803 152 1833 ret
181 1795 236 1833 ad
264 1793 438 1833 debitas
465 1806 653 1847 poenas:
688 1794 768 1834 sed
793 1807 867 1843 eo,
905 1795 977 1847 qui
1007 1795 1215 1854 diabolps
1242 1795 1390 1835 factus

84 1856 173 1897 est,
201 1862 296 1889 cum
317 1849 455 1889 sociis
475 1850 719 1902 impietatis
741 1850 881 1898 elato,
913 1856 957 1890 et
976 1851 1072 1903 ipsa
1091 1864 1188 1890 cum
1209 1848 1273 1891 eis
1303 1851 1392 1889 ela·

81 1905 206 1944 tione
227 1910 468 1958 prostrato,
489 1905 628 1944 ceteri
649 1907 722 1957 pia
741 1906 1002 1946 obedientia
1016 1906 1208 1945 Domino
1230 1905 1391 1945 cohae-

83 1967 257 2009 serunt,
290 1961 565 2013 accipientes
592 1962 746 2012 etiam,
780 1963 900 2015 quod
923 1962 992 2002 illi
1015 1975 1103 2002 non
1124 1961 1389 2011 habuerunt,

137 2153 167 2183 Ι)
190 2148 457 2181 112113011.Mss.
483 2148 607 2192 plnres
626 2151 840 2195 et1,ips.B.
863 2152 903 2185 C.
928 2152 993 2192 D.3
1021 2150 1067 2184 al,
1088 2152 1312 2189 interilum&
1339 2149 1386 2184 al.

80 2194 296 2232 i›1eer‹.›'‹(ec‚·
324 2194 368 2226 al.
388 2196 623 2230 intercidunt.
