1503 2465
125 106 177 146 38
485 105 722 146 AURELII
751 103 1071 146 AUGUSTINI

126 196 301 231 sextum
329 189 530 242 gradum,
565 190 638 230 ubi
674 191 763 230 iam
792 190 937 243 ipsum
968 190 1180 231 oculum·
1209 199 1432 245 purgat,

125 260 224 300 quo
243 245 418 284 videri
435 245 577 285 Deus
604 251 759 298 potes
774 251 791 284 t
805 247 856 298 1)‚
879 251 1091 298 quantum
1108 253 1260 299 potest
1277 248 1330 287 ab
1351 249 1432 297 eis,

125 304 201 355 qui
219 300 321 340 huic
341 301 523 340 saeculo
542 302 794 341 moriuntur
819 306 1031 354 quantum
1057 309 1260 354 possunt.
1320 302 1435 343 Nam

122 360 169 398 in
187 362 359 397 tantum
376 357 551 405 vident,
585 358 630 396 in
650 362 861 409 quantum
881 358 1136 397 moriuntur
1155 357 1257 398 huic
1277 370 1431 399 saecu-

122 414 188 462 lo3
220 413 266 452 in
296 418 508 464 quantum
531 418 680 452 autem
703 411 806 451 huic
832 413 1007 462 vivunt,
1043 426 1131 453 non
1149 414 1316 455 vident.
1375 415 1434 454 Et

122 469 227 509 ideo
248 468 448 521 quamvis
466 469 554 507 iam
573 468 761 517 certior,
786 473 831 508 et
847 480 935 507 non
965 468 1109 508 solnm
1127 469 1432 518 tolerabilior,

124 525 206 565 sed
231 525 366 563 etiam
389 524 631 563 iocundior
657 524 836 576 species
857 523 972 563 lucis
998 524 1121 564 illius
1152 525 1341 577 incipiat
1358 526 1433 565 ad·

123 592 306 634 parere,
342 580 389 618 in
415 579 668 632 aenigmate
695 578 840 618 adhuc
863 584 1015 619 tamen
1040 585 1085 619 et
1104 592 1183 632 per
1202 581 1434 633 speculum

124 636 271 675 videri
294 635 473 683 dicitur,
510 636 614 688 quia
638 636 781 687 magis
807 647 887 688 per
910 635 1058 684 fidem,
1085 648 1215 688 quam
1239 649 1317 690 per
1335 649 1434 689 spe-

125 692 241 732 ciem
279 690 553 740 ambulatur,
598 704 731 743 quum
762 691 806 729 in
840 689 922 730 hac
953 691 1047 730 vita
1077 693 1433 744 peregrinamur,

124 748 325 801 quamvis
352 748 743 786 conversationem
768 745 1012 786 habeamus
1043 746 1087 785 in
1112 747 1324 798 coelis.2)
1386 748 1435 786 ln

123 802 210 844 hoc
236 809 383 842 autem
415 801 557 855 gradu
584 802 649 841 ita
667 808 830 855 purgat
848 801 1027 841 oculum
1047 803 1219 852 cordis,
1254 808 1303 842 ut
1319 803 1434 842 veri-

122 860 207 900 tati
231 871 286 898 ne
312 859 459 911 ipsum
483 857 662 910 quidem
688 856 917 909 praeferat
942 862 1019 897 aut
1047 857 1252 897 conferat
1282 859 1432 910 proxi-

122 928 260 964 mum3
285 926 393 967 ergo
412 925 495 952 nec
515 925 562 952 se
581 914 741 965 ipsum,
756 914 860 965 quia
878 925 961 953 nec
978 913 1118 963 illum,
1132 925 1262 966 quem
1282 914 1433 967 diligit

123 972 241 1011 sicut
266 983 313 1010 se
342 972 499 1022 ipsum.
562 969 659 1008 Erit
686 981 794 1022 ergo
823 970 909 1008 iste
929 974 1110 1008 sanctus
1128 975 1219 1009 tam
1237 969 1433 1023 simplici

123 1026 260 1067 corde
288 1029 421 1078 atque
446 1025 682 1073 mundato,
719 1031 766 1064 ut
784 1037 927 1076 neque
947 1023 1203 1064 hominibus
1223 1025 1433 1077 placendi

123 1082 274 1122 studio
293 1082 617 1133 detorqueatur
634 1092 660 1118 a
676 1092 807 1129 vero,
840 1092 920 1119 nec
938 1086 1150 1132 respectu
1169 1080 1431 1121 devitando-

121 1151 219 1177 rum
244 1136 547 1190 quorumlibet
567 1136 956 1175 incommodorum
979 1149 1186 1185 suorum,
1217 1149 1330 1190 quae
1356 1136 1431 1175 ad-

122 1197 358 1234 versantur
383 1190 486 1230 huic
509 1192 643 1231 vitae.
705 1191 830 1231 Talis
858 1191 977 1231 filius
1005 1191 1242 1232 adscendit
1268 1193 1324 1232 ad
1349 1204 1432 1232 sa-

120 1249 398 1303 pientiam,
434 1259 546 1300 quae
566 1248 723 1286 ultima
740 1252 786 1287 et
805 1247 997 1299 septima
1015 1252 1104 1296 est,
1135 1260 1222 1300 qua
1245 1253 1432 1300 pacatus

120 1304 481 1357 tranquillusque
508 1302 764 1355 perfruitur.
825 1302 1005 1342 Initium
1033 1305 1151 1343 enim
1182 1304 1432 1357 sapientiae

122 1363 259 1402 timor
277 1359 378 1399 Dei.
394 1359 433 1407 3)
492 1358 556 1397 Ab
582 1359 661 1398 illo
687 1359 805 1397 enim
829 1371 970 1411 usque
994 1359 1051 1399 ad
1077 1359 1221 1412 ipsam
1244 1371 1323 1413 per
1347 1358 1431 1399 hos

123 1416 289 1471 gradus
309 1414 509 1455 tenditur
529 1418 573 1453 et
592 1416 781 1454 venitur.

180 1473 225 1511 C.
246 1471 363 1511 Vm.
425 1469 514 1510 Sed
536 1482 618 1509 nos
645 1470 699 1510 ad
723 1470 907 1510 tertium
935 1469 1061 1509 illum
1081 1470 1267 1523 gradum
1286 1472 1431 1510 consi-

123 1528 403 1568 derationem
428 1524 696 1574 referamus,
733 1526 787 1565 de
808 1538 894 1578 quo
915 1526 1165 1575 disserere,
1201 1527 1323 1580 quod
1339 1525 1431 1564 Do-

121 1585 266 1623 minus
287 1582 589 1635 subgesserit‚
617 1587 751 1634 atque
769 1586 965 1621 tractare
984 1582 1274 1622 instituimus.
1334 1581 1433 1621 Erit

121 1641 261 1693 igitur
280 1639 529 1678 divinarum
548 1637 869 1689 scripturarum
886 1637 1228 1677 sollertissimus
1249 1637 1432 1690 indaga-

122 1703 210 1743 tor,
247 1694 320 1746 qui
339 1693 482 1745 primo
502 1696 622 1731 totas
640 1693 806 1745 legerit
824 1698 1045 1744 notasque
1066 1691 1287 1742 habuerit,
1325 1698 1370 1732 et
1393 1693 1433 1732 si

122 1750 320 1791 nondum
338 1748 589 1796 intellectu,
608 1747 696 1787 iam
713 1753 864 1788 tamen
880 1748 1092 1797 lectione,
1105 1748 1336 1788 dumtaxat
1354 1759 1431 1787 eas

122 1818 235 1859 quae
260 1805 544 1856 adpellantur
568 1805 827 1843 canonicae.
887 1802 1001 1843 Nam
1026 1809 1201 1843 ceteras
1226 1805 1431 1844 securius

120 1863 245 1915 leget
270 1861 356 1899 fide
380 1859 586 1898 veritatis
611 1861 880 1908 instructus,
913 1871 967 1898 ne
993 1865 1329 1912 praeoccupent
1353 1860 1430 1898 im-

119 1917 332 1958 becillem
370 1915 584 1962 animum,
629 1920 675 1953 et
713 1914 984 1967 periculosis
1018 1915 1262 1955 mendaciis
1296 1920 1430 1966 atque

119 1970 446 2026 phantasmatis
473 1969 707 2010 eludentes
732 1970 1044 2022 praeiudicent
1068 1970 1237 2023 aliquid
1272 1975 1431 2010 contra

121 2041 273 2069 sanam
293 2025 655 2078 intelligentiam.
710 2025 759 2065 ln
779 2026 1007 2066 canonicis
1026 2031 1173 2066 autem
1193 2026 1429 2078 scripturis

170 2155 204 2195 l)
229 2154 287 2186 Cf.
308 2154 395 2185 Mat.
416 2156 446 2190 5,
467 2155 498 2183 S.
525 2152 576 2198 ⁷⁴⁷3)
595 2151 652 2185 Cf.
676 2152 787 2184 lCor.
808 2155 859 2191 13,
882 2156 933 2186 12.
960 2156 980 2186 2
1001 2152 1084 2187 Cor.
1101 2155 1176 2192 5‚7.
1203 2151 1300 2185 Phil.
1319 2156 1351 2191 3,
1371 2156 1428 2187 20.

123 2202 160 2243 3)
183 2201 238 2234 Cf.
256 2200 319 2231 ΡΞ.
341 2203 416 2237 lli,
438 2202 487 2230 h).
516 2199 631 2231 sirac.
657 2203 682 2232 1.
706 2201 759 2232 16.
