1503 2465
235 114 317 155 DE
347 114 652 156 DOCTRlNA
683 116 915 158 CHRIST.
977 118 1089 159 [ΑΒ.
1124 120 1176 160 11.
1315 123 1366 162 41

53 199 208 249 dendi,
244 200 477 240 sollertius
508 200 862 255 diligentiusque
897 203 1214 258 investiganda
1248 215 1367 255 sunt,

52 267 166 308 quae
191 261 317 296 tanto
347 257 535 309 quisque
560 257 689 310 plura
705 257 899 308 invenit,
924 268 1090 312 quanto
1112 267 1182 300 est
1200 262 1366 302 intelli-

52 312 234 365 gentiae
261 312 486 364 capacior.
508 314 546 362 1)
616 312 665 352 In
700 313 765 353 eis
800 315 941 363 enim,
984 327 1098 367 quae
1132 324 1287 368 aperte
1320 319 1367 358 in

53 367 290 420 scripturis
316 368 466 419 posita
491 373 615 414 sunt,
649 368 939 410 inveniuntur
959 370 1041 411 illa
1067 373 1217 412 omnia
1250 386 1365 426 quae

54 423 288 463 continent
305 423 452 473 fidem,
477 436 718 477 moresque
738 424 934 475 vivendi,
961 439 1085 480 spem
1104 428 1283 468 scilicet
1301 436 1365 469 at-

52 490 138 531 que
164 479 420 529 caritatem,
467 479 521 518 de
549 480 710 532 quibus
744 480 861 520 libro
891 484 1128 535 superiore
1155 486 1366 524 tractavi-

49 547 162 573 mus.
192 535 306 574 Tum
324 547 448 583 vero,
469 533 591 574 facta
609 536 799 588 quadam
819 535 1130 578 familiaritate
1148 552 1248 579 cum
1266 541 1368 593 ipsa

48 590 205 643 lingua
231 590 481 630 divinarum
508 591 853 644 scripturarum,
886 594 930 633 in
958 606 1012 633 ea
1030 607 1143 647 quae
1172 595 1367 636 obscura

49 651 152 686 sunt
169 647 415 698 aperienda
434 653 478 686 et
497 646 784 687 discutienda
803 650 1081 702 pergendum
1108 656 1198 699 est,
1233 658 1283 692 ut
1308 653 1366 692 ad

50 701 339 742 obscuriores
373 702 631 743 locutiones
663 703 957 745 illustrandas
992 706 1047 745 de
1082 705 1364 747 manifestio·

45 757 170 797 ribus
192 763 424 798 sumantur
439 759 666 812 exempla,
701 766 749 799 et
767 760 986 812 quaedam
1013 768 1237 802 certarum
1265 776 1363 803 sen-

45 815 287 853 tentiarum
306 814 570 854 testimonia
589 814 916 856 dubitationem
936 817 1123 858 incertis
1139 817 1362 859 auferant.

44 868 93 907 ln
113 881 200 921 qua
216 881 264 908 re
282 869 502 909 memoria
518 871 640 910 valet
656 871 918 924 plurimum3
947 885 1062 926 quae
1086 875 1123 914 si
1147 874 1362 925 defuerit,

45 936 134 964 non
155 931 307 978 potest
324 923 392 965 his
411 927 667 980 praeceptis
689 927 799 967 dari.

103 980 149 1019 C.
181 980 237 1020 X.
297 980 485 1021 Duabus
527 988 675 1022 autem
714 985 887 1024 caussis
919 996 1009 1024 non
1041 986 1362 1040 intelliguntur

45 1047 158 1089 quae
180 1036 349 1090 scripta
366 1043 484 1087 sunt,
510 1040 549 1078 si
566 1045 643 1078 aut
660 1039 846 1091 ignotis,
876 1046 954 1080 aut
973 1041 1198 1095 ambiguis
1218 1043 1361 1096 signis

45 1091 334 1146 obteguntur.
370 1092 482 1133 Sunt
499 1100 645 1134 autem
668 1095 799 1148 signa
815 1095 888 1135 vel
910 1097 1107 1149 propria,
1128 1099 1199 1138 vel
1218 1105 1360 1139 trans·

42 1147 149 1187 lata.
212 1147 444 1201 Propria
463 1148 685 1199 dicuntur,
707 1164 841 1204 quum
861 1150 928 1191 his
946 1153 1082 1193 rebus
1102 1154 1360 1207 significan-

43 1203 112 1243 dis
132 1202 417 1253 adhibentur,
447 1211 633 1258 propter
652 1219 760 1258 quas
780 1213 885 1247 sunt
902 1208 1126 1258 instituta,
1158 1212 1276 1250 sicut
1295 1211 1358 1250 di-

43 1262 183 1299 cimus
203 1259 365 1299 bovem
386 1273 519 1313 quum
537 1262 836 1315 intelligimus
856 1276 1018 1316 pecus,
1054 1265 1176 1318 quod
1202 1278 1358 1307 omnes

41 1315 276 1356 nobiscum
302 1315 494 1356 Latinae
518 1317 698 1370 linguae
730 1317 935 1359 homines
963 1318 1050 1360 hoc
1076 1321 1256 1362 nomine
1284 1335 1358 1362 vo-

41 1377 158 1411 cant.
206 1372 503 1413 Translata
519 1380 636 1422 sunt,
657 1386 789 1426 quum
810 1382 854 1415 et
871 1376 997 1428 ipsae
1017 1388 1105 1426 res,
1126 1390 1236 1430 quas
1256 1390 1356 1431 pro-

38 1427 149 1480 priis
171 1427 318 1467 verbis
340 1428 664 1480 significamus,
689 1429 745 1468 ad
763 1430 886 1470 aliud
907 1431 1078 1483 aliquid
1098 1433 1356 1486 significan-

39 1482 142 1522 dum
170 1490 464 1536 usurpantur,
501 1485 618 1523 sicut
652 1484 840 1526 dicimus
869 1486 1048 1536 bovem,
1084 1495 1129 1528 et
1161 1501 1241 1542 per
1275 1488 1355 1529 has

39 1538 148 1579 duas
169 1539 369 1592 syllabas
389 1539 684 1592 intelligimus
706 1553 865 1593 pecus,
903 1543 1021 1595 quod
1051 1544 1142 1584 isto
1174 1546 1354 1586 nomine

37 1594 257 1648 adpellari
281 1595 424 1644 solet3
459 1596 539 1635 sed
567 1608 722 1636 rursus
747 1610 826 1649 per
849 1597 961 1637 illud
981 1611 1119 1651 pecus
1138 1601 1353 1654 intelligi-

36 1663 133 1690 mus
157 1651 499 1704 evangelistam,
521 1664 651 1704 quem
671 1653 944 1706 significarit
968 1656 1192 1708 scriptura
1215 1657 1352 1697 inter-

36 1714 240 1758 pretante
264 1707 473 1760 apostolo
501 1707 655 1747 dicens
671 1710 734 1758 Ὃς
769 1707 932 1750 Βουεηι
959 1711 1239 1752 {ritmantem
1265 1726 1353 1753 non

35 1761 290 1817 infrenabis.

93 1817 139 1856 C.
161 1818 236 1857 XI.
273 1819 442 1858 Contra
458 1820 617 1871 ignota
635 1820 765 1873 signa
783 1824 963 1874 propria
981 1835 1189 1876 magnum
1209 1836 1350 1865 reme-

0 1868 1 1903 ἒ
35 1873 156 1912 dium
195 1880 265 1914 est
294 1873 548 1927 linguarum
583 1876 800 1928 cognitio.
864 1878 919 1917 Et
947 1877 1136 1918 Latinae
1170 1881 1350 1933 quidem

36 1928 216 1982 linguae
237 1928 457 1979 homines,
474 1944 586 1982 quos
606 1944 722 1971 nunc
739 1932 1030 1973 instruendos
1051 1938 1347 1988 suscepimus,

36 1985 206 2024 duabus
226 1985 326 2025 aliis
353 1985 405 2024 ad
427 1988 749 2038 scripturarum
769 1988 1017 2029 divinarum
1039 1993 1346 2043 cognitionem

36 2053 147 2092 opus
168 2039 347 2089 liabent,
368 2041 582 2081 Hebraea
601 2043 779 2083 scilicet
797 2052 841 2084 et
854 2046 1043 2095 Graeca,
1062 2054 1110 2086 ut
1128 2047 1184 2087 ad
1199 2059 1346 2088 exem-

33 2176 573 2265 q)l)cEzligi:vintelligcntiw
623 2181 710 2214 Mss.
728 2181 885 2225 aliquot:
910 2184 1221 2228 intelligentiae.“
1254 2186 1341 2219 Ben-

34 2246 53 2254 ..
95 2228 105 2255 l
150 2224 214 2256 'ur-
259 2247 268 2263 ,
310 2235 366 2257 ‚s-
