1503 2465
78 79 157 118 242
436 76 673 120 AURELH
704 77 1024 118 AUGUSTINI

77 162 194 201 velle
225 173 312 201 non
346 162 512 214 possit-3
553 173 635 201 nec
667 162 770 202 ideo
802 161 946 200 libero
982 160 1153 200 carebit
1181 158 1384 199 arbitrio.

77 217 223 257 Multo
254 218 416 269 quippe
441 216 627 256 liberius
653 218 740 257 erit
763 217 1017 265 arbitrium,
1059 215 1178 269 quod
1204 216 1385 254 omnino

79 287 165 312 non
191 272 360 324 poterit
387 272 556 311 servire
584 278 789 324 peccato.
849 271 1004 325 Neque
1031 273 1145 310 enim
1167 270 1388 323 culpanda

79 334 148 367 est
168 328 388 375 voluntas,
412 333 488 367 aut
505 327 713 367 voluntas
733 340 819 367 non
841 333 923 373 est,
943 333 1019 366 aut
1035 327 1180 366 libera
1198 326 1390 365 dicenda

78 397 166 423 non
188 389 278 430 est,
315 395 402 434 qua
418 382 538 422 beati
562 394 662 422 esse
682 384 747 423 sic
771 383 1002 430 volumus,
1038 388 1085 421 ut
1112 394 1210 423 esse
1235 381 1389 421 miseri

78 452 167 478 non
194 439 339 478 solum
374 438 589 486 nolimus,
622 438 702 477 sed
738 450 1019 491 nequaquam
1053 449 1236 489 prorsus
1270 437 1387 475 velle

78 493 319 546 possimus.
366 492 493 534 Sicut
512 506 620 547 ergo
640 494 786 533 anima
805 501 961 532 nostra
980 493 1113 532 etiam
1136 505 1249 531 nunc
1269 492 1388 531 nolle

77 548 414 597 infelicitatem,
448 549 513 589 ita
535 548 656 588 nolle
681 549 964 602 iniquitatem
986 560 1163 600 semper
1182 547 1391 587 habitura

81 611 162 644 est.
226 603 316 644 Sed
349 604 461 644 ordo
495 604 922 657 praetermittendus
955 616 1042 643 non
1075 603 1184 652 fuit,
1218 603 1262 641 in
1300 614 1388 654 quo

77 660 202 700 Deus
221 659 365 699 voluit
387 660 644 708 ostendere,
661 672 790 713 quam
810 660 974 699 bonum
993 659 1052 698 sit
1072 658 1234 698 animal
1253 659 1389 697 ratio-

78 716 195 763 nale,
216 715 334 768 quod
357 715 491 754 etiam
512 727 600 754 non
619 727 806 767 peccare
823 715 981 767 possit,
1003 714 1202 767 quamvis
1223 714 1280 752 sit
1299 725 1388 752 me-

77 771 166 810 lius
196 771 317 823 quod
345 783 533 824 peccare
558 783 647 809 non
682 771 846 823 possit:
882 771 999 809 sicut
1032 770 1177 809 minor
1202 768 1288 808 fuit
1311 769 1390 807 im·

77 826 353 873 mortalitas,
380 825 459 865 sed
484 832 633 865 tamen
655 824 764 873 fuit,
790 826 835 865 in
855 838 941 879 qua
963 830 1119 878 posset
1148 825 1282 864 etiam
1300 837 1389 863 non

78 883 214 931 mori,
249 882 450 936 quamvis
476 882 622 921 maior
649 880 802 921 futura
828 883 909 930 sit,
942 881 987 920 in
1014 893 1100 934 qua
1131 892 1219 920 non
1244 882 1391 933 possit

77 950 208 978 mori.

135 993 181 1032 C,
209 992 319 1033 CVI.
378 992 505 1032 Illam
537 997 697 1030 natura
723 990 915 1031 humana
946 991 1143 1043 perdidit
1175 1004 1253 1044 per
1280 992 1388 1031 libe-

77 1062 173 1088 rum
194 1048 428 1088 arbitrium
446 1050 507 1095 ¹),
543 1054 588 1087 et
606 1046 719 1086 hanc
739 1053 809 1087 est
827 1054 1067 1099 acceptura
1085 1059 1164 1099 per
1180 1048 1389 1105 gratiam,

78 1118 209 1157 quam
228 1103 395 1152 fuerat,
431 1103 467 1142 si
493 1116 579 1141 non
602 1108 856 1154 peccasset,
891 1108 1132 1155 acceptura
1155 1115 1235 1154 per
1257 1104 1388 1141 meri-

77 1167 192 1208 tun13
233 1160 435 1213 quamvis
462 1160 558 1198 sine
586 1159 734 1211 gratia
757 1171 840 1197 nee
873 1163 979 1197 tunc
1013 1158 1148 1197 ullum
1182 1160 1389 1197 meritum

80 1227 181 1255 esse
206 1215 450 1268 potuisset:
477 1215 580 1266 quia
607 1215 689 1253 etsi
712 1219 946 1267 peceatum
968 1214 1012 1252 in
1033 1213 1132 1252 solo
1160 1213 1303 1252 libero
1323 1227 1389 1253 ar-

78 1272 215 1312 bitrio
237 1275 334 1309 erat
353 1270 666 1318 constitutum,
696 1283 783 1308 non
804 1275 951 1309 tamen
970 1269 1170 1308 iustitiae
1197 1270 1390 1308 retinen·

80 1328 163 1366 (lae
183 1325 435 1365 sufficiebat
453 1326 640 1364 liberum
658 1325 890 1364 arbitrium
903 1355 913 1373 ,
944 1325 1028 1364 nisi
1045 1325 1389 1378 participatione

78 1381 370 1422 immutabilis
405 1381 512 1419 boni
548 1381 744 1420 divinum
780 1380 1053 1419 adiutorium
1082 1380 1389 1433 praeberetur.

81 1439 209 1478 Sicut
232 1437 347 1476 enim
373 1437 487 1476 mori
514 1443 583 1475 est
607 1436 650 1475 in
670 1435 862 1475 hominis
883 1441 1109 1489 potestate
1129 1448 1262 1488 quum
1281 1435 1393 1475 velit

81 1498 232 1541 (nemo
254 1497 323 1532 est
340 1492 481 1539 enim,
519 1494 590 1544 qui
615 1504 700 1530 non
722 1504 769 1531 se
791 1492 957 1544 ipsum,
991 1496 1040 1530 ut
1058 1490 1169 1531 nihil
1187 1491 1307 1530 aliud
1328 1491 1391 1530 di-

81 1562 199 1597 cam,
232 1547 304 1587 vel
329 1562 416 1587 non
449 1547 673 1586 vescendo
709 1549 852 1599 possit
888 1547 1119 1596 occidere3
1165 1546 1221 1587 ad
1254 1548 1391 1586 vitam

78 1617 186 1644 vero
216 1603 455 1644 tenendam
480 1603 686 1642 voluntas
715 1602 933 1641 nonsatis
962 1608 1054 1651 est,
1093 1603 1130 1642 si
1166 1602 1392 1642 adiutoria

79 1662 176 1699 sive
214 1660 554 1707 alimentorum,
590 1660 684 1697 sire
715 1669 1094 1710 quorumcumque
1124 1659 1389 1697 tutaminum

80 1716 271 1762 desino:
305 1714 370 1753 sic
394 1712 528 1753 homo
560 1713 605 1752 in
630 1713 841 1766 paradiso
861 1712 915 1752 ad
938 1725 985 1752 se
1008 1712 1300 1752 occidendum
1320 1725 1388 1752 re-

77 1769 322 1824 linquendo
342 1770 560 1809 iustitiam
580 1769 771 1808 idoneus
791 1774 887 1808 erat
905 1781 985 1820 per
1010 1768 1307 1817 voluntatem,
1342 1774 1391 1808 ut

80 1834 229 1866 autem
263 1825 317 1864 ab
351 1837 405 1864 eo
440 1830 673 1863 teneretur
708 1825 801 1863 vita
831 1824 1056 1872 iustitiae,
1101 1836 1253 1875 parum
1293 1830 1390 1863 erat

79 1882 219 1929 velle,
245 1881 331 1921 nisi
358 1880 436 1920 ille
464 1880 537 1932 qui
559 1892 657 1919 eum
677 1878 851 1919 fecerat
868 1879 1113 1918 adiuvaret.
1176 1878 1263 1919 Sed
1286 1885 1391 1932 post

132 2029 164 2069 l)
185 2029 320 2062 Petrus
338 2029 464 2061 Lomb.
483 2027 585 2061 Sent.
605 2026 655 2060 ΙΙ.
675 2031 737 2067 29,
759 2039 787 2060 c.
810 2033 835 2060 1.
856 2029 906 2060 sic
925 2029 1191 2071 interpretatur
1215 2027 1309 2060 hunc
1333 2026 1387 2060 lo-

82 2087 177 2108 cum:
211 2074 348 2111 „Illam
379 2073 712 2111 immortalitatem,
739 2075 775 2106 in
795 2085 864 2115 qua
882 2078 1028 2116 poterat
1055 2086 1124 2105 non
1149 2075 1238 2106 mori
1257 2079 1386 2105 natura

82 2121 248 2159 humana,
270 2121 435 2163 perdidit
456 2132 521 2162 per
539 2120 692 2152 liberum
713 2120 927 2157 arbitrium,
953 2120 1042 2153 banc
1060 2131 1156 2158 vex-0,
1174 2121 1210 2152 in
1230 2131 1298 2162 qua
1317 2132 1384 2151 nou

83 2169 220 2210 poterit
239 2168 341 2200 mori,
371 2172 568 2209 acceptura
587 2170 643 2198 est
663 2176 730 2208 per
749 2166 938 2207 gratian1.“
