1503 2465
272 94 666 136 ENCHIRIDION
698 94 775 134 AD
805 93 1093 134 mUREN'r.
1261 92 1338 132 173

30 194 111 237 per
133 180 220 220 hoc
247 192 357 234 ergo
383 179 547 219 malum
566 191 650 219 nec
674 178 829 218 vitium
859 179 970 227 erit,
1009 179 1112 231 quia
1141 176 1252 218 nihil
1273 181 1342 217 est

0 242 1 249 ¹
31 251 163 292 quum
185 234 467 288 evacuatur]
485 238 523 285 ¹)
566 234 682 283 Quid
704 240 774 273 est
791 240 936 273 autem
958 234 1079 273 aliud
1103 235 1221 286 quod
1239 246 1341 273 ma-

29 294 133 334 lum
161 293 346 340 dicitur,
371 292 460 331 nisi
486 290 679 342 privatio
707 289 840 328 boni'e-
875 289 986 328 Nam
1007 292 1125 329 sicut
1142 290 1342 342 corpori-

27 349 111 388 bus
145 348 401 388 animalium
436 345 550 386 nihil
574 351 644 386 est
668 345 789 385 aliud
814 346 982 385 morbis
1010 352 1055 385 et
1082 345 1341 384 vulneribus

29 405 161 444 adfici
176 435 186 453 ‚
221 416 353 456 quam
381 404 574 442 sanitate
601 401 768 455 privari.
791 402 956 453 (neque
977 403 1093 440 enim
1112 401 1157 440 id
1177 402 1342 453 agitur,

30 473 162 513 quum
183 458 421 498 adhibetur
439 458 635 507 curatio,
672 461 721 496 ut
738 456 982 505 malaista,
1014 469 1127 510 quae
1148 457 1342 504 inerant,

28 516 76 555 id
95 520 164 555 cst
178 545 188 564 ,
215 514 361 554 morbi
380 527 432 553 ac
449 513 637 555 vulnera
656 513 871 552 recedant
892 511 994 551 hinc
1007 542 1018 562 ,
1045 518 1090 552 et
1109 512 1217 552 alibi
1237 512 1340 558 sint,

29 572 108 612 sed
127 571 281 623 utique
300 575 349 609 ut
367 582 453 609 non
474 570 584 619 sint3
618 582 706 608 non
727 569 843 607 enim
866 568 958 607 ulla
975 568 1242 617 substantia,
1263 566 1345 607 sed

29 627 223 667 carnalis
256 625 536 665 substantiae
574 625 729 664 vitium
760 630 830 664 cst
855 625 1015 663 vulnus
1043 630 1119 663 aut
1141 623 1342 671 morbus,

29 695 163 736 quum
184 682 289 722 cairo
310 683 369 720 sit
387 683 484 733 ipsu
505 680 779 729 substantia,
814 680 1023 732 profecto
1051 680 1236 732 aliquod
1262 680 1343 719 bo-

26 751 152 787 num,
180 740 250 778 cui
270 737 481 776 accidunt
499 738 589 775 ista
606 736 743 784 mala,
773 736 818 775 id
838 741 921 785 ost,
951 737 1228 789 privationes
1245 735 1342 774 eius

26 795 156 842 boni,
194 793 314 846 quod
334 793 498 832 dicitur
525 792 735 841 sanitas):
772 791 836 830 ita
860 798 905 831 et
928 793 1178 831 animorum
1208 803 1341 844 quae-

29 862 216 903 cumque
238 854 340 889 sunt
357 849 481 895 vitiu,
497 847 768 887 naturalium
787 852 889 887 sunt
907 848 1183 900 privationes
1201 848 1343 887 bono-

26 919 138 946 rum.
161 906 286 955 Quae
307 918 440 957 quum
460 909 690 953 sanantur,
711 915 800 942 non
820 903 971 957 aliquo
991 902 1342 951 transferuntur,

29 962 107 1002 sed
128 974 181 1001 ea
199 973 313 1015 quae
333 960 392 1000 ibi
416 965 557 1009 erant,
581 971 800 1013 nusquam
820 964 968 1009 erunt,
1003 959 1180 1012 quando
1200 958 1341 997 inilia

28 1019 221 1059 sanitate=
241 1029 329 1056 non
348 1022 491 1055 erunt.

85 1075 131 1113 C.
154 1074 250 1113 ΧΙΙ.
285 1072 481 1113 Naturae
501 1071 643 1125 igitur
662 1083 833 1121 omnes,
853 1071 1062 1124 quoniam
1083 1077 1339 1111 naturarum

29 1143 213 1185 prorsus
240 1130 434 1168 omnium
467 1127 679 1168 conditor
704 1140 875 1167 summe
898 1128 1044 1167 bonus
1065 1132 1157 1174 est,
1192 1127 1340 1166 bonae

29 1192 145 1227 sunt.
207 1185 295 1226 Sed
315 1184 417 1237 quiu
439 1197 525 1222 non
545 1184 662 1223 sicut
681 1196 833 1224 earum
853 1184 1063 1223 conditor
1083 1194 1250 1221 summo
1277 1187 1340 1220 at-

31 1254 115 1295 que
136 1240 568 1281 incommutabiliter
584 1240 733 1281 bonae
755 1245 880 1288 sunt,
915 1240 1020 1279 idco
1040 1239 1082 1277 in
1104 1239 1168 1277 eis
1196 1243 1241 1277 ot
1264 1237 1340 1276 mi-

29 1299 105 1338 nui
130 1299 294 1337 bonum
323 1302 367 1335 et
393 1297 549 1349 augeri
572 1302 740 1348 potest.
803 1295 892 1335 Sed
910 1295 1075 1335 bonum
1097 1295 1232 1332 minui
1256 1306 1342 1332 inu-

30 1354 119 1394 lum
132 1353 422 1406 est,quamvis
438 1356 843 1404 quantumcumque
859 1351 1096 1398 minuatur,
1114 1353 1344 1388 remancat

32 1409 204 1463 aliquid
229 1420 417 1448 necesse.
446 1413 516 1446 est
538 1408 596 1455 (si
623 1406 768 1447 adhuc
795 1413 955 1446 natura
983 1410 1094 1455 est),
1129 1405 1243 1444 undo
1272 1417 1343 1443 na-

30 1472 134 1505 tura
151 1466 221 1504 sit.
283 1463 439 1516 Neque
463 1465 580 1503 enim
599 1465 634 1502 si
658 1463 996 1516 qualiscumque
1018 1468 1094 1501 aut
1113 1461 1343 1515 quantula-

34 1533 222 1573 cumque
242 1526 403 1559 natura
423 1525 511 1567 est,
541 1520 743 1558 consumi
770 1519 957 1568 bonum,
986 1519 1162 1570 quod2)
1185 1524 1344 1556 natura

35 1584 125 1625 est,
154 1577 240 1615 nisi
262 1581 307 1615 ot
324 1576 423 1627 ipsa
441 1581 744 1623 consumatur,
771 1580 935 1628 potest.
995 1574 1160 1613 Merito
1183 1575 1343 1626 quippe

34 1639 193 1672 nutura
214 1633 478 1683 incorrupta
498 1631 719 1670 laudatur.
782 1630 925 1670 Porro
946 1631 983 1669 si
1004 1637 1049 1668 et
1075 1628 1343 1682 incorrupti-

33 1689 138 1729 bilis
159 1688 232 1735 sit,
252 1699 364 1740 quae
387 1687 612 1739 corrumpi
632 1687 811 1725 omnino
831 1699 918 1726 non
938 1686 1098 1739 possit,
1118 1686 1256 1724 multo
1278 1690 1347 1724 est

34 1743 348 1797 proculdubio
374 1742 660 1782 laudabilior.
724 1742 872 1790 Quum
891 1755 1000 1782 vero
1030 1742 1343 1793 corrumpitur,

34 1799 140 1839 ideo
164 1800 328 1838 malum
349 1803 416 1838 est
445 1798 540 1837 cius
565 1799 816 1851 corruptio,
852 1799 956 1851 quia
983 1810 1079 1837 eam
1105 1798 1346 1851 qualicum-

38 1867 123 1908 que
142 1857 288 1909 privat
304 1855 441 1893 bono.
499 1855 606 1894 Nam
627 1854 661 1892 si
683 1855 807 1893 nullo
827 1855 947 1894 bono
966 1854 1137 1906 privat,
1164 1849 1346 1892 musmo-

40 1916 130 1951 cet:
168 1916 303 1950 nocet
334 1916 507 1960 autem3
551 1910 707 1949 adimit
739 1910 877 1963 igitur
909 1910 1089 1950 bonum.
1104 1910 1144 1959 3)
1207 1909 1348 1956 Quam

91 2060 121 2099 1)
144 2057 223 2088 Hoc
238 2056 399 2097 ineptum
420 2054 601 2095 glossema
619 2055 722 2088 deest
740 2055 775 2087 in
794 2055 983 2087 Ben.Mss.
1002 2058 1039 2087 et
1051 2055 1345 2097 Lips.omnibns.

39 2104 76 2141 2)
99 2104 159 2135 Sic
178 2103 266 2134 Mss.
286 2105 321 2133 ct
340 2102 443 2140 cdd-3
470 2102 532 2133 sed
553 2102 640 2134 Bon.
661 2112 707 2134 ex
727 2113 796 2133 uno
814 2102 946 2138 Vatia,
967 2102 1022 2133 cui
1042 2101 1249 2134 adsentitur
1266 2102 1347 2134 cod.

42 2151 144 2191 Lips.
173 2149 220 2180 A:
248 2158 318 2193 qno
345 2152 486 2179 natura.
539 2151 574 2189 3)
602 2148 664 2180 Sic
689 2151 830 2181 veteres
855 2148 943 2179 Ben.
970 2145 1076 2186 libri,
1105 2146 1168 2180 alii
1199 2148 1287 2180 Mss.
1312 2151 1347 2180 et

42 2197 146 2229 edd.:
173 2193 368 2228 adimendo
390 2195 532 2227 (tonum.
