1503 2465
173 126 254 168 DE
284 126 589 169 DOCTRINA
622 129 854 172 CHRIST.
915 129 1250 173 PROLOGUS.
1345 132 1369 172 3

54 217 297 265 propterea
317 212 399 251 sibi
423 213 476 252 ab
490 214 684 253 Antonio
707 218 864 254 sancto
885 219 930 254 et
947 214 1151 268 perfecto
1170 218 1268 255 viro
1286 217 1368 255 Ae-

56 268 216 320 gyptio
236 267 457 307 monacho
478 269 686 308 insultari
706 270 975 324 debere,qui
995 271 1092 310 sine
1112 271 1206 310 ulla
1223 271 1367 310 scien-

54 324 119 362 tia
150 323 384 362 literarum
417 326 664 377 scripturas
701 325 876 365 divinas
912 331 957 366 et
987 328 1250 366 memoriter
1292 340 1368 366 au-

55 378 220 418 diendo
240 380 464 429 tenuisse,
493 386 537 419 et
556 381 800 432 prudenter
818 382 1063 434 cogitando
1085 382 1369 422 intellexisse

56 434 357 486 praedicatur,
378 440 454 474 aut
473 437 527 475 ab
547 436 628 475 illo
649 448 781 476 servo
800 436 994 477 barbaro
1015 436 1292 487 Christiano,
1313 438 1368 478 de

55 501 142 542 quo
165 502 190 529 a
207 491 487 543 gravissimis
512 491 691 545 fideque
711 492 990 546 dignissimis
1009 494 1118 532 viris
1139 506 1281 545 nuper
1298 506 1369 533 ac-

55 545 278 597 cepimus,
303 547 378 598 qui
406 547 562 586 literas
582 561 759 601 quoque
785 549 907 600 ipsas
933 549 1056 588 nullo
1078 550 1270 589 docente
1291 547 1369 588 ho-

53 601 173 640 mine
197 601 242 640 in
269 602 444 653 plenam
468 603 675 644 notitiam
702 604 896 653 orando,
928 610 977 644 ut
1001 605 1088 644 sibi
1113 606 1369 645 revelaren-

54 661 141 704 tur,
175 653 363 710 accepit,
396 658 616 698 triduanis
635 660 845 711 precibus
864 661 1125 713 impetrans,
1160 666 1207 700 ut
1232 661 1371 700 etiam

56 712 260 752 codicem
283 713 501 762 oblatum,
529 715 813 767 stupentibus
836 716 909 768 qui
929 717 1139 764 aderant,
1170 717 1366 769 legendo

55 774 355 819 percurreret.
416 771 502 809 Aut
520 772 557 820 ¹)
583 773 622 810 si
645 769 757 810 haec
776 773 965 824 quisque
990 771 1108 812 falsa
1130 784 1233 812 esse
1252 772 1368 812 arbi-

54 828 220 872 tratur,
256 838 344 864 non
378 838 464 878 ago
499 827 781 879 pugnaciter.
844 827 977 867 Certe
1013 828 1129 866 enim
1155 830 1369 881 quoniam

57 891 156 918 cum
176 878 444 920 Christianis
466 882 596 921 nobis
615 894 688 922 res
709 888 795 930 est,
832 883 906 936 qui
926 896 974 923 se
994 884 1241 936 scripturas
1269 896 1369 924 san-

57 939 151 974 ctas
179 935 276 974 sine
305 936 417 976 (luce
442 936 620 977 homine
650 939 850 991 gaudent
876 951 1039 988 nosse,
1076 945 1121 979 et
1141 941 1179 979 si
1197 940 1261 979 ita
1284 944 1367 988 est,

55 1002 164 1029 vero
190 996 234 1030 et
258 1004 345 1031 non
376 993 596 1032 mediocri
621 995 819 1047 gaudent
843 995 989 1045 bono,
1023 995 1277 1035 concedant
1294 1008 1369 1034 ne-

58 1057 186 1085 cesse
208 1052 292 1096 est,
310 1061 671 1102 unumquemque
696 1056 900 1090 nostrum
924 1055 969 1090 et
987 1051 1042 1091 ab
1058 1051 1242 1091 ineunte
1262 1063 1369 1104 pue-

57 1101 163 1140 ritia
186 1105 513 1144 consuetudine
543 1106 753 1145 audiendi
774 1106 975 1159 linguam
993 1119 1119 1147 suam
1139 1107 1371 1155 didicisse,

59 1162 104 1196 et
140 1158 272 1197 aliam
311 1160 506 1213 aliquam
550 1162 619 1202 vel
653 1161 872 1201 Graecam
907 1163 980 1201 vel
1010 1162 1269 1202 Hebraeam
1299 1162 1375 1202 vel

59 1214 304 1265 quamlibet
337 1222 611 1266 ceterarum,
652 1223 728 1256 aut
761 1218 970 1258 similiter
1013 1217 1262 1268 audiendo,
1296 1223 1374 1257 aut

59 1281 139 1321 per
157 1268 384 1310 hominem
404 1278 747 1324 praeceptorem
766 1274 1015 1327 accepisse.
1074 1274 1165 1314 Iam
1185 1286 1311 1327 ergo,
1334 1275 1375 1313 si

59 1325 230 1376 placet,
257 1339 519 1366 moneamus
547 1340 701 1368 omnes
730 1328 918 1377 fratres,
949 1342 1005 1369 ne
1031 1330 1243 1381 parvulos
1263 1342 1372 1369 suos

60 1380 149 1420 ista
167 1381 374 1432 doceant,
390 1383 491 1436 quia
510 1390 737 1424 momento
760 1398 845 1424 uno
865 1386 1084 1437 temporis
1105 1386 1373 1425 adveniente

61 1437 223 1489 spiritu
248 1445 404 1478 sancto
436 1439 600 1491 repleti
623 1441 819 1492 apostoli
846 1442 1042 1480 omnium
1066 1441 1268 1494 gentium
1292 1441 1374 1479 lin-

62 1493 163 1544 guis
189 1493 329 1533 locuti
355 1501 477 1544 sunt3
515 1500 591 1534 aut
609 1497 681 1535 cui
698 1496 809 1535 talia
827 1509 915 1536 non
934 1497 1247 1550 provenerint,
1282 1510 1373 1535 non

63 1559 111 1586 se
131 1548 374 1589 arbitretur
394 1563 493 1589 esse
511 1549 828 1600 Christianum,
850 1558 927 1591 aut
944 1553 1150 1604 spiritum
1170 1558 1374 1592 sanctum

64 1605 295 1656 accepisse
316 1618 363 1644 sc
385 1606 572 1646 dubitet.
600 1606 693 1646 lmo
714 1619 822 1646 vero
844 1613 889 1647 et
907 1608 1025 1660 quod
1046 1620 1125 1661 per
1145 1607 1372 1647 hominem

64 1659 325 1700 discendum
348 1668 429 1710 est,
451 1663 547 1701 sine
568 1663 783 1714 superbia
803 1663 964 1712 discat,
984 1669 1029 1703 et
1045 1676 1126 1715 per
1145 1676 1273 1716 quem
1295 1664 1372 1703 do-

64 1720 191 1753 cetur
209 1716 338 1765 alius,
372 1718 467 1757 sine
489 1719 701 1769 superbia
719 1723 764 1758 et
782 1719 879 1759 sine
898 1720 1068 1759 invidia
1084 1720 1234 1759 tradat
1253 1719 1373 1772 quod

65 1771 254 1823 accepit.
314 1772 471 1825 Neque
501 1778 727 1813 tentemus
759 1785 860 1814 eum
892 1776 961 1814 cui
996 1775 1284 1822 credidimus,
1318 1787 1373 1813 ne

63 1826 231 1865 talibus
264 1828 432 1868 inimici
464 1830 678 1869 versutiis
714 1834 758 1869 et
781 1831 1079 1882 perversitate
1109 1831 1284 1882 decepti
1319 1831 1373 1869 ad

64 1881 208 1932 ipsum
230 1896 406 1937 quoque
437 1885 706 1924 audiendum
733 1886 1016 1939 evangelium
1042 1892 1175 1938 atque
1200 1886 1374 1925 discen-

67 1937 168 1976 dum
200 1939 394 1979 nolimus
428 1940 494 1979 ire
526 1942 571 1979 in
602 1940 837 1990 ecclesias,
873 1948 948 1981 aut
975 1941 1178 1981 codicem
1202 1941 1374 1994 legere,

68 1999 145 2032 aut
168 1993 391 2046 legentem
418 1995 844 2049 praedicantemque
871 1995 1096 2036 hominem
1117 1998 1298 2045 audire,
1332 2003 1377 2035 et

68 2055 382 2100 exspectemus
417 2052 508 2104 rapi
545 2064 686 2105 usque
719 2052 763 2091 in
791 2053 973 2092 tertium
996 2052 1173 2093 coelum
1204 2053 1298 2092 sive
1332 2053 1376 2090 in

69 2115 281 2155 corpore,
332 2106 425 2143 sive
478 2113 605 2146 extra
650 2120 835 2160 corpus,
888 2109 1007 2148 sicut
1045 2108 1155 2147 dicit
1196 2113 1376 2161 aposto-

119 2222 153 2258 l)
174 2220 266 2257 „Sic
285 2220 372 2253 Mss.
392 2234 533 2264 omnes3
561 2224 654 2257 editi
673 2235 774 2257 vero:
801 2230 842 2259 ac
859 2224 892 2257 .ςί
907 2224 997 2257 haec
1014 2227 1111 2260 etc.“
1136 2225 1273 2257 Bened.

1030 2271 1105 2311 A2
