1503 2465
70 174 96 299 5:00

65 1241 92 1274 G

64 1426 105 1459 C.

57 1704 90 2153 OOOQOC}

66 360 111 1181 000002000282

475 89 964 130 ARGUMENTUM.
1277 104 1371 132 xxv

103 199 109 205 .
132 176 187 207 84.
238 174 499 212 Quaestionum
519 175 562 206 de
582 175 701 207 carnis
719 174 986 207 resurrectione
1007 184 1086 207 esse
1104 172 1296 217 plurimas.

104 246 110 253 .
132 223 173 254 85
236 222 408 258 (Quaestio
430 221 473 252 de
494 221 653 253 foetibus
673 221 862 253 abortivis.

103 292 110 299 .
130 270 183 299 80,
236 267 304 305 Qui
322 268 350 299 si
372 267 549 309 quondam
571 268 772 309 inceperint
786 268 922 305 vivere,
941 268 1065 310 utique
1084 269 1173 301 mori
1191 279 1314 312 posse,
1339 273 1377 303 et.

159 313 203 345 ad
224 317 445 346 mortuorum
464 316 768 346 resurrectionem
787 314 990 355 pertinere.

102 384 109 390 .
129 361 182 392 87.
234 361 407 398 Quaestio
429 360 472 392 de
491 360 652 392 foetibus
671 359 896 393 monstrosis.

104 431 111 437 .
130 409 185 438 88.
237 406 294 439 De
314 407 580 438 instauratione
599 407 731 445 carnis,
760 408 1091 450 quomodocumque
1113 408 1279 450 perierit.

104 477 112 485 .
130 455 185 485 89.
234 452 305 485 Dei
331 453 482 485 artificis
501 453 774 496 providentiam
794 465 911 486 curam
932 466 1078 494 gerere,
1105 466 1147 487 ne
1167 455 1251 497 quid
1270 455 1374 488 inde—

161 510 245 531 cens
263 499 336 537 liat,
361 510 478 541 neque
498 498 643 541 dilapsa
662 500 1104 543 instauratiscorporibus
1120 501 1372 534 detrahantur.

104 570 111 576 .
130 547 184 578 90.
236 545 368 578 L'trum
388 557 578 588 corporum
598 546 733 587 figurae
753 545 924 589 aequales
942 549 1013 580 sint
1038 559 1083 581 an
1110 548 1293 587 diversae,
1319 550 1374 582 in-

161 596 296 623 certum
316 603 415 631 esse3
444 593 506 625 sed
526 591 619 624 nihil
639 593 675 625 in
693 594 746 625 eis
765 593 842 626 fore
858 594 1081 626 indecorum.

133 639 200 671 9l.·
241 638 407 680 Corpora
440 642 646 671 sanctorum
678 644 928 672 resurrectura
959 651 1040 673 esse
1074 640 1302 683 spiritualia,
1337 645 1375 674 et

161 695 371 726 quamquam
393 696 500 717 carne
520 685 672 727 quadam
693 687 883 726 instructa,
912 690 1033 719 tamen
1053 688 1128 720 sine
1146 686 1222 720 ullo
1240 689 1343 722 vitio.

104 755 111 762 .
130 732 184 763 92.
236 731 291 763 De
311 733 577 764 resurrectione
598 732 861 765 damnatorum.

103 801 109 809 .
129 780 182 810 93.
231 776 347 809 Nulla
373 789 468 810 mors
488 777 622 810 homini
643 780 857 818 accidisset,
892 780 920 812 si
940 791 1043 813 nemo
1069 784 1278 823 peccasset,
1307 782 1374 814 sed

160 835 228 865 quo
246 824 364 856 minor
381 825 567 866 iniquitas,
596 836 638 857 eo
656 824 886 859 tolerabilior
905 827 1101 860 damnatio.

103 873 186 903 .94.
233 870 278 902 In
305 872 380 903 vita
406 876 555 904 aeterna
582 869 727 914 plenius
754 877 900 904 sanctos
927 885 1009 906 esse
1034 875 1259 915 cognituros,
1287 875 1373 917 quid

161 917 243 948 boni
264 918 317 949 eis
336 916 536 950 contulerit
554 919 672 958 gratia
692 920 835 962 (contra
849 918 1103 962 Pelagianos).

103 988 110 995 .
128 965 181 996 95.
234 962 342 996 Tunc
375 963 574 996 revelatum
607 965 654 996 iri
687 964 830 998 occulta
855 966 925 999 Dei
958 968 1095 1000 iudicia
1127 967 1164 1000 in
1189 966 1372 1001 hominum

154 1010 505 1052 praedestinatione.

100 1081 107 1088 .
128 1057 183 1088 90.
211 1076 218 1082 ·
238 1055 533 1100 Omnipotentem
551 1057 670 1090 Deum
689 1057 780 1090 bene
798 1057 939 1098 facere,
965 1061 1075 1093 etiam
1100 1062 1251 1094 sinendo
1277 1061 1373 1096 mala

155 1102 249 1134 sieri.

100 1173 107 1181 .
126 1150 182 1181 97.
233 1150 406 1187 Quaestio
427 1150 470 1182 de
491 1150 588 1183 dicto
608 1150 824 1193 apostolico,
845 1153 939 1195 quod
952 1153 1053 1186 Deus
1073 1156 1150 1188 vult
1168 1167 1291 1189 omnes
1311 1156 1373 1188 ho-

155 1196 270 1227 mines
288 1194 407 1228 salvos
425 1197 516 1236 fieri,
543 1202 578 1230 et
597 1209 667 1230 uon
687 1210 812 1231 omnes
831 1198 921 1232 salvi
941 1201 1044 1233 fiunt.

98 1265 105 1272 .
124 1243 179 1274 93.
232 1242 286 1274 De
310 1243 380 1274 Dei
408 1245 671 1286 omnipotentis
697 1249 734 1277 et
758 1246 950 1279 iustissimi
975 1250 1094 1289 gratia
1111 1254 1147 1282 et
1164 1250 1372 1292 praedesti-

155 1289 301 1320 natione
320 1290 515 1321 secundum
534 1291 636 1323 Rom.
655 1295 686 1324 9.

81 1356 104 1367 2.
122 1335 178 1367 99.
230 1335 401 1368 Divinam
422 1337 709 1371 misericordiam
736 1350 886 1381 prorsus
911 1351 991 1373 esse
1016 1340 1189 1380 liberam,
1214 1346 1254 1375 ut
1279 1343 1373 1375 iudi-

156 1382 261 1419 cium,
287 1383 342 1414 cui
363 1381 467 1414 hoino
487 1395 555 1415 non
577 1386 694 1426 possit
715 1384 876 1427 obloqui.

127 1430 199 1459 100.
227 1426 334 1460 Nihil
359 1429 439 1461 fieri
465 1435 614 1472 praeter
632 1431 702 1464 Dei
722 1431 966 1473 voluntatem,
995 1435 1140 1468 etiamsi
1165 1436 1229 1469 ssat
1246 1440 1374 1470 contra

155 1474 231 1506 eius
249 1473 484 1508 voluntatem.

97 1544 105 1552 .
128 1522 203 1552 101.
232 1520 414 1554 Pietatem
441 1521 617 1562 hominis,
644 1524 807 1566 quamvis
825 1523 924 1558 aliud
942 1526 1120 1567 volentis,
1148 1529 1217 1562 Dei
1243 1528 1370 1563 volun-

154 1567 220 1599 tati
242 1568 365 1609 potius
386 1579 713 1612 consonare‚quam
733 1569 817 1603 mali
840 1572 931 1605 idem
944 1573 1103 1608 volentis
1123 1577 1370 1618 impietatem3

152 1614 214 1646 sed
242 1612 467 1647 voluntatem
496 1616 655 1650 divinam
679 1628 747 1660 per
771 1618 882 1652 bonas
907 1623 943 1652 et
968 1620 1081 1655 malas
1106 1622 1289 1655 hominum
1307 1635 1370 1656 vo-

150 1657 314 1692 luntates
331 1660 491 1703 impleri.

95 1729 103 1737 .
125 1707 198 1737 102.
229 1706 300 1738 Dei
326 1709 591 1750 omnipotentis
616 1708 840 1744 voluntatem
867 1724 1012 1756 semper
1035 1715 1226 1753 invictam,
1253 1728 1368 1759 neque

151 1763 317 1794 umquam
339 1752 467 1786 malam
487 1767 566 1788 esse
586 1767 708 1799 posse,
729 1758 804 1791 sive
824 1759 1053 1799 misereatur,
1080 1763 1154 1794 sive
1175 1762 1343 1796 obduret.

95 1822 102 1830 .
124 1801 199 1830 103.
228 1799 408 1841 Disputat
432 1805 536 1834 acute
563 1803 605 1835 de
626 1802 731 1836 Pauli
760 1807 945 1839 sententia
967 1812 975 1839 1
1001 1807 1100 1840 Tim.
1118 1811 1148 1845 2,
1167 1811 1200 1840 4.
1224 1806 1259 1841 Ur.
1277 1809 1367 1840 θέλει

151 1844 278 1873 wirrae
295 1844 501 1880 ἀιθριὺῐῑυτκ
520 1851 674 1885 σοιθῐιίἰ
694 1851 717 1882 i.
738 1862 768 1883 e.
787 1853 903 1884 omnis
921 1856 1064 1893 generis
1084 1855 1258 1887 homines,

94 1915 100 1921 .
124 1893 197 1922 104.
227 1892 280 1923 De
304 1892 369 1924 Dei
390 1892 578 1927 voluntate
599 1896 706 1937 primi
727 1896 882 1931 hominis
902 1904 1086 1941 peccatum
1108 1903 1362 1943 praescientis.

94 1961 100 1967 .
124 1939 200 1969 105.
226 1937 463 1971 Voluntatem
483 1940 639 1974 hominis
657 1943 700 1974 ad
722 1944 852 1976 bonum
872 1949 908 1978 et
927 1945 1057 1979 malum
1079 1945 1230 1980 liberam
1256 1948 1363 1982 aliam

148 1983 186 2014 in
204 1984 322 2025 primo
342 1988 451 2023 statu,
478 1986 584 2019 aliam
605 1989 640 2020 in
659 1987 787 2022 altero.

92 2053 99 2059 .
123 2030 194 2060 106.
224 2029 387 2062 Gratiam
414 2032 571 2066 divinam
597 2035 633 2067 in
653 2047 794 2079 quoque
820 2040 916 2071 statu
943 2037 1078 2073 homini
1104 2052 1184 2074 esse
1204 2044 1363 2077 maxime

149 2085 403 2109 necessariam.

91 2146 97 2153 .
120 2122 194 2153 107.
223 2122 345 2154 Vitam
365 2129 563 2165 aeternam,
583 2129 783 2161 mercedem
801 2141 949 2172 operum
969 2133 1156 2171 bonorum,
1183 2147 1261 2167 esso
1281 2149 1360 2176 gra-

147 2167 236 2201 tiam
255 2168 338 2208 Dei,
370 2172 473 2204 cuius
489 2172 659 2207 voluntas
678 2177 741 2208 liat
759 2180 821 2209 aut
835 2178 878 2211 ab
899 2177 1055 2220 homine,
1085 2186 1146 2214 aut
1165 2183 1208 2215 de
1228 2182 1304 2216 1110.

1238 2233 1253 2243 x
