1503 2465
129 96 206 136 138
484 96 719 136 AURELli
750 97 1069 139 AUGUSTINI

129 181 293 221 duntur
308 178 590 233 proChristo‚
612 193 690 220 cur
709 194 796 220 non
817 181 861 221 in
881 183 960 231 eis,
974 185 1047 236 qui
1067 183 1432 226 traduntdiseen-

126 237 245 277 tibus
268 235 492 276 Christum
504 236 519 274 ‘3

184 292 231 332 C.
252 291 369 332 XV1.
432 291 645 344 Quisquis
669 297 818 331 autem
843 293 974 344 dicit,
1010 307 1097 334 non
1125 307 1225 336 esse
1245 295 1433 336 homini-

127 348 210 387 bus
227 347 593 400 praecipiendum
613 348 717 399 quid
746 348 817 388 vel
835 350 1206 402 quemadmodum
1225 352 1434 402 doceant,

129 404 167 443 si
186 403 399 443 doctores
419 408 600 442 sanctus
619 404 756 442 efficit
774 405 973 456 spiritus,
994 413 1145 458 potest
1164 407 1329 457 dicere,
1349 421 1432 448 nec

129 459 345 499 orandum
366 458 495 497 nobis
517 471 639 508 esse,
662 461 767 511 quia
783 459 1003 500 Dominus
1023 464 1085 501 ait
1103 465 1110 488 ¹
1128 468 1159 509 ):
1191 462 1285 502 Scit
1301 470 1432 515 pater

127 522 266 554 vester
286 513 387 567 qnid
406 512 518 553 vobis
538 514 823 554 necessariam
840 515 897 554 sit
911 516 1033 568 prins
1055 517 1354 571 qaampetatis
1378 517 1431 558 ab

129 583 208 619 e0,·
226 576 302 609 aut
317 570 572 623 apostolum
593 569 780 609 Paulum
800 570 1041 611 Timotheo
1063 581 1106 612 et
1126 574 1230 613 Tito
1251 587 1339 613 non
1360 574 1434 613 de-

128 626 283 666 buisse
301 626 577 677 praecipere,
604 626 708 678 quid
729 627 799 666 vel
817 628 1188 679 quemadmodum
1206 630 1435 682 praecipe-

129 687 232 721 rent
244 681 360 719 aliis.
383 681 504 728 Quas
523 686 615 720 tres
635 683 912 734 apostolicas
925 684 1142 735 epistolas
1157 692 1259 724 ante
1277 685 1434 725 oculos

130 735 297 776 habere
313 737 461 784 debet,
479 738 550 775 cui
570 739 699 776 estin
719 738 914 777 ecclesia
926 738 1127 779 doctoris
1146 752 1339 792 persona
1356 741 1434 779 im-

129 793 292 846 posita.
313 791 472 831 Nonne
491 792 535 831 in
552 793 696 845 prima
712 793 767 831 ad
782 793 1069 834 Timotheum
1085 796 1327 849 legitur2):
1348 795 1434 834 Ad-

128 848 283 887 nuntia
296 847 401 887 haec
411 848 588 887 etdoce?
606 848 731 896 Quae
747 854 895 888 autem
911 850 1014 898 sint,
1026 852 1336 904 supradictum
1349 857 1432 890 est.

132 903 292 944 Nonne
309 903 372 942 ibi
390 909 459 943 est
474 904 538 954 3):
560 903 782 943 Seniorem
800 904 1248 958 neincrepaveris,sed
1260 906 1435 946 obsecra

129 960 391 1011 utpatrem?
423 957 581 998 Nonne
600 961 645 1000 in
671 961 870 999 secunda
889 961 929 999 ei
950 961 1190 1011 dicitur4):
1225 960 1435 1001 Formam

131 1014 239 1054 habe
257 1014 482 1054 verborum
498 1027 718 1063 sanorum,
737 1029 845 1068 qnae
863 1029 888 1055 a
906 1029 970 1055 me
990 1017 1179 1057 audisti?
1196 1016 1354 1057 Nonne
1374 1017 1437 1057 ibi

133 1071 173 1109 ei
187 1071 352 1110 (licitur
365 1070 425 1119 ⁵):
445 1069 560 1109 Satis
581 1083 677 1124 age,
698 1077 737 1110 te
754 1071 891 1123 ipsam
905 1072 1169 1124 probabilem
1189 1072 1436 1125 operarium

132 1125 332 1166 exhibens
350 1124 445 1165 Deo
464 1139 550 1165 non
570 1126 897 1176 erubescentem,
917 1128 1092 1168 verbnm
1109 1127 1304 1168 veritatis
1322 1134 1436 1167 recte

131 1182 419 1222 tractantem?
437 1181 501 1220 lbi
521 1187 590 1221 est
607 1188 651 1221 et
666 1182 779 1221 illud
795 1182 854 1233 ⁶):
879 1182 1094 1223 Praedica
1113 1184 1300 1232 verbam,
1319 1183 1436 1222 insta

132 1244 384 1291 opportune,
405 1236 662 1290 importune,
686 1251 836 1291 argue,
857 1238 1046 1288 obsecra,
1065 1239 1239 1292 increpa
1257 1239 1302 1278 in
1321 1237 1438 1278 omni

129 1292 465 1345 longanimitate
483 1300 525 1333 et
549 1293 761 1333 doctrina.
824 1294 1023 1348 Itemque
1043 1296 1097 1334 ad
1118 1297 1269 1334 Titum
1287 1306 1435 1333 nonne

132 1350 242 1389 dicit
257 1349 295 1398 ⁷)
322 1351 581 1401 episcopum
609 1349 733 1388 indta
753 1349 1146 1404 doctrinamfidelis
1164 1349 1435 1402 verbiperse·

130 1412 350 1444 verantem
365 1416 465 1444 esse
486 1404 666 1453 debere,
683 1412 731 1443 at
740 1412 894 1457 potens
911 1406 966 1445 sit
981 1406 1026 1445 in
1046 1406 1243 1446 doctrina
1260 1417 1381 1453 sana,
1395 1410 1437 1444 et

133 1459 474 1500 contradicentes
493 1460 785 1513 redarguere?
802 1461 866 1500 lbi
886 1464 1018 1501 etiam
1038 1462 1222 1513 dicit⁸):
1249 1459 1315 1500 Ta
1335 1473 1434 1499 vero

131 1517 304 1568 loquere
326 1529 433 1568 qnae
451 1515 600 1555 decent
613 1529 763 1555 sanam
783 1517 1038 1567 doctrinam,
1057 1530 1173 1557 senes
1191 1515 1356 1556 sobrios
1374 1528 1435 1554 es-

130 1586 187 1619 se,
209 1578 253 1610 et
269 1584 380 1624 quae
404 1578 665 1623 sequuntur.
712 1572 775 1611 lbi
797 1577 841 1611 et
857 1573 968 1612 illud
984 1573 1046 1623 9J:
1065 1572 1188 1612 Haec
1205 1574 1375 1624 toquere
1395 1577 1438 1610 et

132 1627 378 1675 exhortare,
398 1634 440 1666 et
454 1627 631 1680 increpa
651 1641 744 1667 cnm
765 1627 881 1667 omni
895 1628 1090 1681 imperio.
1125 1627 1258 1670 Nemo
1278 1633 1317 1666 te
1335 1639 1434 1665 con-

129 1689 308 1722 temnat.
368 1682 562 1722 Admone
579 1682 950 1735 illosprincipibns
975 1691 1012 1723 et
1027 1683 1313 1737 potestatibus
1339 1681 1435 1720 sub-

130 1738 246 1778 ditos·
259 1750 364 1787 esse,
391 1744 435 1778 et
454 1744 619 1778 cetera.
682 1739 799 1786 Quid
821 1751 929 1792 ergo
951 1740 1180 1792 putamus‘}
1212 1738 1437 1788 Numquid

132 1800 290 1833 eontra
324 1807 371 1834 se
403 1796 547 1846 ipsum
576 1796 713 1834 sentit
737 1796 991 1847 apostolus,
1026 1796 1123 1847 qui,
1158 1807 1290 1849 quum
1317 1791 1438 1832 dicat

132 1850 345 1889 doctores
372 1850 637 1902 operatione
665 1850 761 1889 fieri
798 1851 984 1902 spirirus
1018 1853 1159 1890 sancti
1175 1881 1185 1899 ,
1220 1851 1317 1903 ipse
1344 1848 1436 1888 illis

132 1906 353 1959 praecipit
376 1904 483 1958 quid
508 1912 552 1944 et
576 1905 948 1958 quemadmodum
968 1906 1185 1946 doceant?
1213 1907 1275 1945 An
1304 1906 1434 1945 intel-

131 1961 362 2014 ligendum
381 1965 472 2008 est,
503 1967 547 2000 et
566 1960 793 2001 hominum
814 1963 962 2001 officia
979 1963 1078 2015 ipso
1100 1967 1256 2002 sancto
1276 1960 1436 2015 spiritu

181 2107 213 2148 1)
235 2105 366 2140 Matth.
395 2109 433 2145 6,
457 2111 488 2141 s.
539 2108 777 2149 2jC.4.11.
827 2109 864 2154 3)
892 2109 1083 2148 1Tim.5‚
1112 2113 1140 2142 1.
1188 2108 1432 2147 4)c.1,1s.

133 2152 385 2194 5)‘.›‘1'in1.2‚
414 2157 466 2186 15.
517 2157 555 2198 6)
575 2158 595 2188 2
615 2154 713 2189 Tim.
733 2158 772 2195 4,
797 2159 829 2190 2.
879 2156 916 2198 7)
946 2156 984 2189 C.
1012 2159 1047 2195 1,
1069 2158 1101 2190 9.
1149 2155 1186 2198 s)
1214 2154 1255 2188 C.
1282 2159 1322 2193 2,
1349 2158 1380 2187 ι.
1405 2164 1434 2187 ι.

134 2198 167 2241 ὓ)
190 2198 231 2233 C.
252 2202 283 2238 2,
304 2201 357 2232 15.
385 2203 416 2240 3,
441 2205 467 2234 1.
