<?xml version="1.0" encoding="UTF-8"?>
<!DOCTYPE html PUBLIC "-//W3C//DTD XHTML 1.0 Transitional//EN"
    "http://www.w3.org/TR/xhtml1/DTD/xhtml1-transitional.dtd">
<html xmlns="http://www.w3.org/1999/xhtml" xml:lang="en" lang="en">
 <head>
  <title>
</title>
<meta http-equiv="Content-Type" content="text/html;charset=utf-8" />
  <meta name='ocr-system' content='tesseract 3.04.00' />
  <meta name='ocr-capabilities' content='ocr_page ocr_carea ocr_par ocr_line ocrx_word'/>
</head>
<body>
  <div class='ocr_page' id='page_1' title='image "./dedoctrinachrist00augu_0289.png"; bbox 0 0 1503 2465; ppageno 0'>
   <div class='ocr_carea' id='block_1_1' title="bbox 309 98 1370 143">
    <p class='ocr_par' dir='ltr' id='par_1_1' title="bbox 309 98 1370 143">
     <span class='ocr_line' id='line_1_1' title="bbox 309 98 1370 143; baseline 0.004 -4"><span class='ocrx_word' id='word_1_1' title='bbox 309 98 702 141; x_wconf 69' lang='lat' dir='ltr'>ENCfflRlDloN</span> <span class='ocrx_word' id='word_1_2' title='bbox 734 101 809 140; x_wconf 73' lang='lat' dir='ltr'>AD</span> <span class='ocrx_word' id='word_1_3' title='bbox 843 100 1134 142; x_wconf 74' lang='lat' dir='ltr'><strong>LAURENT.</strong></span> <span class='ocrx_word' id='word_1_4' title='bbox 1296 103 1370 143; x_wconf 75' lang='lat'>251</span> 
     </span>
    </p>
   </div>
   <div class='ocr_carea' id='block_1_2' title="bbox 59 184 1376 2023">
    <p class='ocr_par' dir='ltr' id='par_1_2' title="bbox 60 184 1376 516">
     <span class='ocr_line' id='line_1_2' title="bbox 62 184 1376 241; baseline 0.003 -17"><span class='ocrx_word' id='word_1_5' title='bbox 62 184 426 237; x_wconf 73' lang='lat' dir='ltr'>regenerationis</span> <span class='ocrx_word' id='word_1_6' title='bbox 451 185 696 233; x_wconf 84' lang='lat' dir='ltr'>invenerit,</span> <span class='ocrx_word' id='word_1_7' title='bbox 720 184 785 223; x_wconf 85' lang='lat' dir='ltr'>ibi</span> <span class='ocrx_word' id='word_1_8' title='bbox 811 187 853 225; x_wconf 85' lang='lat' dir='ltr'>ei</span> <span class='ocrx_word' id='word_1_9' title='bbox 873 186 1160 226; x_wconf 86' lang='lat' dir='ltr'>remittuntur</span> <span class='ocrx_word' id='word_1_10' title='bbox 1176 193 1376 241; x_wconf 84' lang='lat' dir='ltr'>praeter·</span> 
     </span>
     <span class='ocr_line' id='line_1_3' title="bbox 61 241 1373 292; baseline 0.002 -12"><span class='ocrx_word' id='word_1_11' title='bbox 61 241 125 280; x_wconf 78' lang='lat' dir='ltr'>ita</span> <span class='ocrx_word' id='word_1_12' title='bbox 151 241 360 279; x_wconf 67' lang='lat' dir='ltr'>universa</span> <span class='ocrx_word' id='word_1_13' title='bbox 386 246 592 292; x_wconf 84' lang='lat' dir='ltr'>peccata,</span> <span class='ocrx_word' id='word_1_14' title='bbox 629 246 673 279; x_wconf 88' lang='lat' dir='ltr'>et</span> <span class='ocrx_word' id='word_1_15' title='bbox 698 246 851 280; x_wconf 82' lang='lat' dir='ltr'>reatus</span> <span class='ocrx_word' id='word_1_16' title='bbox 875 242 979 291; x_wconf 88' lang='lat' dir='ltr'>ille,</span> <span class='ocrx_word' id='word_1_17' title='bbox 1014 244 1241 283; x_wconf 80' lang='lat' dir='ltr'>nascendo</span> <span class='ocrx_word' id='word_1_18' title='bbox 1270 258 1373 284; x_wconf 92' lang='lat' dir='ltr'>con-</span> 
     </span>
     <span class='ocr_line' id='line_1_4' title="bbox 60 295 1374 351; baseline 0.002 -15"><span class='ocrx_word' id='word_1_19' title='bbox 60 301 247 345; x_wconf 73' lang='lat' dir='ltr'>tractus,</span> <span class='ocrx_word' id='word_1_20' title='bbox 279 296 558 335; x_wconf 79' lang='lat' dir='ltr'>renascendo</span> <span class='ocrx_word' id='word_1_21' title='bbox 579 295 863 337; x_wconf 83' lang='lat' dir='ltr'>dissolvitur:</span> <span class='ocrx_word' id='word_1_22' title='bbox 893 302 1075 351; x_wconf 87' lang='lat' dir='ltr'>tamque</span> <span class='ocrx_word' id='word_1_23' title='bbox 1094 299 1281 339; x_wconf 87' lang='lat' dir='ltr'>multum</span> <span class='ocrx_word' id='word_1_24' title='bbox 1301 312 1374 339; x_wconf 75' lang='lat' dir='ltr'>va-</span> 
     </span>
     <span class='ocr_line' id='line_1_5' title="bbox 61 351 1375 409; baseline 0.004 -18"><span class='ocrx_word' id='word_1_25' title='bbox 61 352 145 400; x_wconf 82' lang='lat' dir='ltr'>let,</span> <span class='ocrx_word' id='word_1_26' title='bbox 177 351 298 403; x_wconf 88' lang='lat' dir='ltr'>quod</span> <span class='ocrx_word' id='word_1_27' title='bbox 326 352 557 404; x_wconf 89' lang='lat' dir='ltr'>spiritus</span> <span class='ocrx_word' id='word_1_28' title='bbox 585 352 672 391; x_wconf 87' lang='lat' dir='ltr'>ubi</span> <span class='ocrx_word' id='word_1_29' title='bbox 697 352 811 392; x_wconf 82' lang='lat' dir='ltr'>vult</span> <span class='ocrx_word' id='word_1_30' title='bbox 839 354 1084 406; x_wconf 85' lang='lat' dir='ltr'>spirat¹)‚</span> <span class='ocrx_word' id='word_1_31' title='bbox 1122 361 1168 394; x_wconf 85' lang='lat' dir='ltr'>ut</span> <span class='ocrx_word' id='word_1_32' title='bbox 1194 356 1375 409; x_wconf 84' lang='lat' dir='ltr'>quidam</span> 
     </span>
     <span class='ocr_line' id='line_1_6' title="bbox 61 407 1375 462; baseline 0.004 -16"><span class='ocrx_word' id='word_1_33' title='bbox 61 407 304 447; x_wconf 81' lang='lat' dir='ltr'>secundum</span> <span class='ocrx_word' id='word_1_34' title='bbox 319 407 441 447; x_wconf 86' lang='lat' dir='ltr'>iilam</span> <span class='ocrx_word' id='word_1_35' title='bbox 459 407 720 447; x_wconf 79' lang='lat' dir='ltr'>servitutem</span> <span class='ocrx_word' id='word_1_36' title='bbox 738 408 936 462; x_wconf 82' lang='lat' dir='ltr'>sublege</span> <span class='ocrx_word' id='word_1_37' title='bbox 953 422 1039 449; x_wconf 90' lang='lat' dir='ltr'>non</span> <span class='ocrx_word' id='word_1_38' title='bbox 1056 412 1278 460; x_wconf 78' lang='lat' dir='ltr'>noverint,</span> <span class='ocrx_word' id='word_1_39' title='bbox 1294 412 1375 451; x_wconf 85' lang='lat' dir='ltr'>sed</span> 
     </span>
     <span class='ocr_line' id='line_1_7' title="bbox 61 463 1339 516; baseline 0.003 -14"><span class='ocrx_word' id='word_1_40' title='bbox 61 475 161 502; x_wconf 91' lang='lat' dir='ltr'>cum</span> <span class='ocrx_word' id='word_1_41' title='bbox 181 463 390 503; x_wconf 88' lang='lat' dir='ltr'>mandato</span> <span class='ocrx_word' id='word_1_42' title='bbox 410 464 628 516; x_wconf 80' lang='lat' dir='ltr'>incipiant</span> <span class='ocrx_word' id='word_1_43' title='bbox 646 463 919 504; x_wconf 84' lang='lat' dir='ltr'>adiutorium</span> <span class='ocrx_word' id='word_1_44' title='bbox 940 463 1106 506; x_wconf 86' lang='lat' dir='ltr'>habere</span> <span class='ocrx_word' id='word_1_45' title='bbox 1126 466 1339 506; x_wconf 78' lang='lat' dir='ltr'>divinum.</span> 
     </span>
    </p>

    <p class='ocr_par' dir='ltr' id='par_1_3' title="bbox 59 518 1376 949">
     <span class='ocr_line' id='line_1_8' title="bbox 119 518 1375 576; baseline 0.005 -19"><span class='ocrx_word' id='word_1_46' title='bbox 119 518 166 558; x_wconf 88' lang='lat' dir='ltr'>C.</span> <span class='ocrx_word' id='word_1_47' title='bbox 193 519 332 558; x_wconf 87' lang='lat' dir='ltr'>CXX.</span> <span class='ocrx_word' id='word_1_48' title='bbox 410 520 523 559; x_wconf 77' lang='lat' dir='ltr'>Ante</span> <span class='ocrx_word' id='word_1_49' title='bbox 549 532 679 571; x_wconf 87' lang='lat' dir='ltr'>quam</span> <span class='ocrx_word' id='word_1_50' title='bbox 705 521 852 573; x_wconf 81' lang='lat' dir='ltr'>possit</span> <span class='ocrx_word' id='word_1_51' title='bbox 883 527 1031 561; x_wconf 85' lang='lat' dir='ltr'>autem</span> <span class='ocrx_word' id='word_1_52' title='bbox 1065 520 1200 562; x_wconf 90' lang='lat' dir='ltr'>homo</span> <span class='ocrx_word' id='word_1_53' title='bbox 1233 535 1375 576; x_wconf 80' lang='lat' dir='ltr'>capax</span> 
     </span>
     <span class='ocr_line' id='line_1_9' title="bbox 62 575 1372 624; baseline 0.005 -12"><span class='ocrx_word' id='word_1_54' title='bbox 62 587 169 617; x_wconf 81' lang='lat' dir='ltr'>esse.</span> <span class='ocrx_word' id='word_1_55' title='bbox 187 575 409 624; x_wconf 80' lang='lat' dir='ltr'>mandati,</span> <span class='ocrx_word' id='word_1_56' title='bbox 447 575 691 615; x_wconf 87' lang='lat' dir='ltr'>secundum</span> <span class='ocrx_word' id='word_1_57' title='bbox 715 588 893 616; x_wconf 80' lang='lat' dir='ltr'>carnem</span> <span class='ocrx_word' id='word_1_58' title='bbox 924 579 1045 617; x_wconf 80' lang='lat' dir='ltr'>vivat</span> <span class='ocrx_word' id='word_1_59' title='bbox 1075 590 1263 618; x_wconf 87' lang='lat' dir='ltr'>necesse</span> <span class='ocrx_word' id='word_1_60' title='bbox 1290 585 1372 619; x_wconf 86' lang='lat' dir='ltr'>est.</span> 
     </span>
     <span class='ocr_line' id='line_1_10' title="bbox 63 629 1372 684; baseline 0.005 -15"><span class='ocrx_word' id='word_1_61' title='bbox 63 629 152 669; x_wconf 80' lang='lat' dir='ltr'>Sed</span> <span class='ocrx_word' id='word_1_62' title='bbox 178 631 213 670; x_wconf 89' lang='lat' dir='ltr'>si</span> <span class='ocrx_word' id='word_1_63' title='bbox 249 631 337 670; x_wconf 89' lang='lat' dir='ltr'>iam</span> <span class='ocrx_word' id='word_1_64' title='bbox 362 637 644 670; x_wconf 78' lang='lat' dir='ltr'>sacramento</span> <span class='ocrx_word' id='word_1_65' title='bbox 674 633 1035 684; x_wconf 80' lang='lat' dir='ltr'>regenerationis</span> <span class='ocrx_word' id='word_1_66' title='bbox 1060 634 1256 674; x_wconf 88' lang='lat' dir='ltr'>imbutus</span> <span class='ocrx_word' id='word_1_67' title='bbox 1288 641 1372 684; x_wconf 89' lang='lat' dir='ltr'>est,</span> 
     </span>
     <span class='ocr_line' id='line_1_11' title="bbox 61 684 1373 741; baseline 0.005 -17"><span class='ocrx_word' id='word_1_68' title='bbox 61 684 175 725; x_wconf 88' lang='lat' dir='ltr'>nihil</span> <span class='ocrx_word' id='word_1_69' title='bbox 198 687 239 725; x_wconf 84' lang='lat' dir='ltr'>ei</span> <span class='ocrx_word' id='word_1_70' title='bbox 262 699 383 726; x_wconf 87' lang='lat' dir='ltr'>mors</span> <span class='ocrx_word' id='word_1_71' title='bbox 409 687 578 735; x_wconf 84' lang='lat' dir='ltr'>oberit,</span> <span class='ocrx_word' id='word_1_72' title='bbox 607 687 642 726; x_wconf 91' lang='lat' dir='ltr'>si</span> <span class='ocrx_word' id='word_1_73' title='bbox 672 692 777 727; x_wconf 90' lang='lat' dir='ltr'>tunc</span> <span class='ocrx_word' id='word_1_74' title='bbox 803 701 858 728; x_wconf 84' lang='lat' dir='ltr'>ex</span> <span class='ocrx_word' id='word_1_75' title='bbox 877 686 959 728; x_wconf 86' lang='lat' dir='ltr'>hac</span> <span class='ocrx_word' id='word_1_76' title='bbox 979 690 1070 729; x_wconf 76' lang='lat' dir='ltr'>vita</span> <span class='ocrx_word' id='word_1_77' title='bbox 1088 690 1373 741; x_wconf 76' lang='lat' dir='ltr'>migraverit:</span> 
     </span>
     <span class='ocr_line' id='line_1_12' title="bbox 60 741 1376 794; baseline 0.003 -14"><span class='ocrx_word' id='word_1_78' title='bbox 60 741 165 794; x_wconf 87' lang='lat' dir='ltr'>quia</span> <span class='ocrx_word' id='word_1_79' title='bbox 189 742 293 782; x_wconf 92' lang='lat' dir='ltr'>ideo</span> <span class='ocrx_word' id='word_1_80' title='bbox 322 741 525 782; x_wconf 82' lang='lat' dir='ltr'>Christus</span> <span class='ocrx_word' id='word_1_81' title='bbox 549 748 753 783; x_wconf 88' lang='lat' dir='ltr'>mortuus</span> <span class='ocrx_word' id='word_1_82' title='bbox 779 749 849 784; x_wconf 85' lang='lat' dir='ltr'>est</span> <span class='ocrx_word' id='word_1_83' title='bbox 872 750 916 784; x_wconf 83' lang='lat' dir='ltr'>et</span> <span class='ocrx_word' id='word_1_84' title='bbox 946 746 1219 794; x_wconf 81' lang='lat' dir='ltr'>resurrexit,</span> <span class='ocrx_word' id='word_1_85' title='bbox 1257 752 1304 786; x_wconf 90' lang='lat' dir='ltr'>ut</span> <span class='ocrx_word' id='word_1_86' title='bbox 1329 752 1376 787; x_wconf 74' lang='lat' dir='ltr'>et:</span> 
     </span>
     <span class='ocr_line' id='line_1_13' title="bbox 59 798 1375 850; baseline 0.006 -16"><span class='ocrx_word' id='word_1_87' title='bbox 59 798 260 837; x_wconf 69' lang='lat' dir='ltr'>vivorum</span> <span class='ocrx_word' id='word_1_88' title='bbox 298 805 342 838; x_wconf 92' lang='lat' dir='ltr'>et</span> <span class='ocrx_word' id='word_1_89' title='bbox 374 805 652 838; x_wconf 87' lang='lat' dir='ltr'>mortuorum</span> <span class='ocrx_word' id='word_1_90' title='bbox 697 799 1030 850; x_wconf 73' lang='lat' dir='ltr'>d‹›min‹›tnr²);</span> <span class='ocrx_word' id='word_1_91' title='bbox 1075 814 1158 842; x_wconf 84' lang='lat' dir='ltr'>nec</span> <span class='ocrx_word' id='word_1_92' title='bbox 1199 802 1375 842; x_wconf 85' lang='lat' dir='ltr'>tenebit</span> 
     </span>
     <span class='ocr_line' id='line_1_14' title="bbox 59 855 1373 908; baseline 0.005 -17"><span class='ocrx_word' id='word_1_93' title='bbox 59 864 247 904; x_wconf 81' lang='lat' dir='ltr'>regnum</span> <span class='ocrx_word' id='word_1_94' title='bbox 267 855 424 894; x_wconf 87' lang='lat' dir='ltr'>mortis</span> <span class='ocrx_word' id='word_1_95' title='bbox 445 867 560 903; x_wconf 89' lang='lat' dir='ltr'>cum,</span> <span class='ocrx_word' id='word_1_96' title='bbox 581 867 659 908; x_wconf 84' lang='lat' dir='ltr'>pro</span> <span class='ocrx_word' id='word_1_97' title='bbox 677 867 764 908; x_wconf 92' lang='lat' dir='ltr'>quo</span> <span class='ocrx_word' id='word_1_98' title='bbox 786 861 989 896; x_wconf 86' lang='lat' dir='ltr'>mortuus</span> <span class='ocrx_word' id='word_1_99' title='bbox 1009 862 1078 896; x_wconf 87' lang='lat' dir='ltr'>est</span> <span class='ocrx_word' id='word_1_100' title='bbox 1097 857 1175 897; x_wconf 87' lang='lat' dir='ltr'>ille</span> <span class='ocrx_word' id='word_1_101' title='bbox 1194 857 1311 897; x_wconf 91' lang='lat' dir='ltr'>liber</span> <span class='ocrx_word' id='word_1_102' title='bbox 1327 858 1373 898; x_wconf 90' lang='lat' dir='ltr'>in</span> 
     </span>
     <span class='ocr_line' id='line_1_15' title="bbox 60 911 265 949; baseline 0.01 -2"><span class='ocrx_word' id='word_1_103' title='bbox 60 911 265 949; x_wconf 83' lang='lat' dir='ltr'>mortuis.</span> 
     </span>
    </p>

    <p class='ocr_par' dir='ltr' id='par_1_4' title="bbox 59 964 1376 2023">
     <span class='ocr_line' id='line_1_16' title="bbox 117 964 1370 1020; baseline 0.005 -17"><span class='ocrx_word' id='word_1_104' title='bbox 117 964 163 1003; x_wconf 91' lang='lat' dir='ltr'>C.</span> <span class='ocrx_word' id='word_1_105' title='bbox 184 964 341 1006; x_wconf 83' lang='lat' dir='ltr'>CXXI.</span> <span class='ocrx_word' id='word_1_106' title='bbox 390 965 572 1005; x_wconf 83' lang='lat' dir='ltr'>Omnia</span> <span class='ocrx_word' id='word_1_107' title='bbox 591 967 731 1019; x_wconf 82' lang='lat' dir='ltr'>igitur</span> <span class='ocrx_word' id='word_1_108' title='bbox 755 972 1053 1020; x_wconf 81' lang='lat' dir='ltr'>praecepta</span> <span class='ocrx_word' id='word_1_109' title='bbox 1082 968 1270 1008; x_wconf 75' lang='lat' dir='ltr'>divina</span> <span class='ocrx_word' id='word_1_110' title='bbox 1292 982 1370 1009; x_wconf 86' lang='lat' dir='ltr'>re-</span> 
     </span>
     <span class='ocr_line' id='line_1_17' title="bbox 60 1017 1369 1077; baseline 0.005 -19"><span class='ocrx_word' id='word_1_111' title='bbox 60 1017 316 1061; x_wconf 85' lang='lat' dir='ltr'>feruntur</span> <span class='ocrx_word' id='word_1_112' title='bbox 340 1021 403 1061; x_wconf 82' lang='lat' dir='ltr'>ad</span> <span class='ocrx_word' id='word_1_113' title='bbox 423 1022 727 1070; x_wconf 83' lang='lat' dir='ltr'>caritatem,</span> <span class='ocrx_word' id='word_1_114' title='bbox 749 1022 802 1061; x_wconf 89' lang='lat' dir='ltr'>de</span> <span class='ocrx_word' id='word_1_115' title='bbox 824 1035 912 1075; x_wconf 88' lang='lat' dir='ltr'>qua</span> <span class='ocrx_word' id='word_1_116' title='bbox 930 1024 1039 1063; x_wconf 89' lang='lat' dir='ltr'>dicit</span> <span class='ocrx_word' id='word_1_117' title='bbox 1057 1025 1293 1077; x_wconf 81' lang='lat' dir='ltr'>apostolus</span> <span class='ocrx_word' id='word_1_118' title='bbox 1310 1025 1369 1075; x_wconf 77' lang='lat'>³):</span> 
     </span>
     <span class='ocr_line' id='line_1_18' title="bbox 61 1073 1374 1133; baseline 0.005 -20"><span class='ocrx_word' id='word_1_119' title='bbox 61 1073 185 1115; x_wconf 71' lang='lat' dir='ltr'>Finis</span> <span class='ocrx_word' id='word_1_120' title='bbox 219 1085 363 1118; x_wconf 75' lang='lat' dir='ltr'>autem</span> <span class='ocrx_word' id='word_1_121' title='bbox 390 1076 617 1130; x_wconf 75' lang='lat' dir='ltr'>praecepti</span> <span class='ocrx_word' id='word_1_122' title='bbox 649 1084 711 1116; x_wconf 73' lang='lat' dir='ltr'>est</span> <span class='ocrx_word' id='word_1_123' title='bbox 745 1078 907 1117; x_wconf 76' lang='lat' dir='ltr'>caritas</span> <span class='ocrx_word' id='word_1_124' title='bbox 940 1079 989 1118; x_wconf 81' lang='lat' dir='ltr'>de</span> <span class='ocrx_word' id='word_1_125' title='bbox 1014 1081 1142 1119; x_wconf 82' lang='lat' dir='ltr'>corde</span> <span class='ocrx_word' id='word_1_126' title='bbox 1160 1093 1295 1133; x_wconf 73' lang='lat' dir='ltr'>puro,</span> <span class='ocrx_word' id='word_1_127' title='bbox 1332 1088 1374 1120; x_wconf 84' lang='lat' dir='ltr'>et</span> 
     </span>
     <span class='ocr_line' id='line_1_19' title="bbox 62 1132 1372 1190; baseline 0.005 -20"><span class='ocrx_word' id='word_1_128' title='bbox 62 1132 325 1172; x_wconf 77' lang='lat' dir='ltr'>couscientia</span> <span class='ocrx_word' id='word_1_129' title='bbox 358 1133 490 1181; x_wconf 74' lang='lat' dir='ltr'>bona,</span> <span class='ocrx_word' id='word_1_130' title='bbox 541 1140 583 1172; x_wconf 83' lang='lat' dir='ltr'>et</span> <span class='ocrx_word' id='word_1_131' title='bbox 602 1133 697 1186; x_wconf 79' lang='lat' dir='ltr'>fide</span> <span class='ocrx_word' id='word_1_132' title='bbox 733 1147 816 1173; x_wconf 80' lang='lat' dir='ltr'>non</span> <span class='ocrx_word' id='word_1_133' title='bbox 839 1133 969 1188; x_wconf 79' lang='lat' dir='ltr'>ficta.</span> <span class='ocrx_word' id='word_1_134' title='bbox 1030 1136 1185 1175; x_wconf 80' lang='lat' dir='ltr'>Omnis</span> <span class='ocrx_word' id='word_1_135' title='bbox 1218 1137 1372 1190; x_wconf 82' lang='lat' dir='ltr'>itaque</span> 
     </span>
     <span class='ocr_line' id='line_1_20' title="bbox 62 1189 1373 1242; baseline 0.005 -17"><span class='ocrx_word' id='word_1_136' title='bbox 62 1190 290 1242; x_wconf 80' lang='lat' dir='ltr'>praecepti</span> <span class='ocrx_word' id='word_1_137' title='bbox 314 1190 413 1228; x_wconf 79' lang='lat' dir='ltr'>finis</span> <span class='ocrx_word' id='word_1_138' title='bbox 434 1194 501 1228; x_wconf 85' lang='lat' dir='ltr'>est</span> <span class='ocrx_word' id='word_1_139' title='bbox 523 1189 705 1239; x_wconf 78' lang='lat' dir='ltr'>caritas,</span> <span class='ocrx_word' id='word_1_140' title='bbox 730 1190 774 1228; x_wconf 91' lang='lat' dir='ltr'>id</span> <span class='ocrx_word' id='word_1_141' title='bbox 796 1196 880 1239; x_wconf 78' lang='lat' dir='ltr'>est,</span> <span class='ocrx_word' id='word_1_142' title='bbox 906 1190 960 1230; x_wconf 85' lang='lat' dir='ltr'>ad</span> <span class='ocrx_word' id='word_1_143' title='bbox 980 1194 1213 1231; x_wconf 78' lang='lat' dir='ltr'>caritatem</span> <span class='ocrx_word' id='word_1_144' title='bbox 1232 1193 1373 1233; x_wconf 84' lang='lat' dir='ltr'>refer-</span> 
     </span>
     <span class='ocr_line' id='line_1_21' title="bbox 62 1245 1376 1298; baseline 0.005 -16"><span class='ocrx_word' id='word_1_145' title='bbox 62 1250 134 1282; x_wconf 87' lang='lat' dir='ltr'>tur</span> <span class='ocrx_word' id='word_1_146' title='bbox 168 1258 296 1285; x_wconf 88' lang='lat' dir='ltr'>omne</span> <span class='ocrx_word' id='word_1_147' title='bbox 332 1250 633 1298; x_wconf 82' lang='lat' dir='ltr'>praeceptum.</span> <span class='ocrx_word' id='word_1_148' title='bbox 710 1245 860 1293; x_wconf 83' lang='lat' dir='ltr'>Quod</span> <span class='ocrx_word' id='word_1_149' title='bbox 904 1258 1028 1286; x_wconf 76' lang='lat' dir='ltr'>vero</span> <span class='ocrx_word' id='word_1_150' title='bbox 1069 1248 1145 1287; x_wconf 80' lang='lat' dir='ltr'>ita</span> <span class='ocrx_word' id='word_1_151' title='bbox 1183 1246 1253 1287; x_wconf 84' lang='lat' dir='ltr'>fit</span> <span class='ocrx_word' id='word_1_152' title='bbox 1291 1248 1376 1288; x_wconf 80' lang='lat' dir='ltr'>vel</span> 
     </span>
     <span class='ocr_line' id='line_1_22' title="bbox 63 1299 1375 1354; baseline 0.005 -17"><span class='ocrx_word' id='word_1_153' title='bbox 63 1299 254 1340; x_wconf 83' lang='lat' dir='ltr'>timore</span> <span class='ocrx_word' id='word_1_154' title='bbox 297 1312 524 1353; x_wconf 78' lang='lat' dir='ltr'>poenae,</span> <span class='ocrx_word' id='word_1_155' title='bbox 565 1300 654 1340; x_wconf 84' lang='lat' dir='ltr'>vel</span> <span class='ocrx_word' id='word_1_156' title='bbox 693 1301 878 1354; x_wconf 83' lang='lat' dir='ltr'>aliqua</span> <span class='ocrx_word' id='word_1_157' title='bbox 913 1302 1226 1343; x_wconf 86' lang='lat' dir='ltr'>intentione</span> <span class='ocrx_word' id='word_1_158' title='bbox 1261 1317 1375 1344; x_wconf 89' lang='lat' dir='ltr'>car-</span> 
     </span>
     <span class='ocr_line' id='line_1_23' title="bbox 63 1354 1374 1409; baseline 0.005 -15"><span class='ocrx_word' id='word_1_159' title='bbox 63 1356 195 1404; x_wconf 75' lang='lat' dir='ltr'>nali,</span> <span class='ocrx_word' id='word_1_160' title='bbox 238 1362 293 1396; x_wconf 91' lang='lat' dir='ltr'>ut</span> <span class='ocrx_word' id='word_1_161' title='bbox 331 1370 429 1396; x_wconf 90' lang='lat' dir='ltr'>non</span> <span class='ocrx_word' id='word_1_162' title='bbox 471 1354 746 1396; x_wconf 83' lang='lat' dir='ltr'>referatur</span> <span class='ocrx_word' id='word_1_163' title='bbox 785 1356 847 1396; x_wconf 90' lang='lat' dir='ltr'>ad</span> <span class='ocrx_word' id='word_1_164' title='bbox 881 1358 1024 1398; x_wconf 89' lang='lat' dir='ltr'>illam</span> <span class='ocrx_word' id='word_1_165' title='bbox 1058 1360 1374 1409; x_wconf 79' lang='lat' dir='ltr'>caritatem,</span> 
     </span>
     <span class='ocr_line' id='line_1_24' title="bbox 61 1411 1374 1465; baseline 0.006 -17"><span class='ocrx_word' id='word_1_166' title='bbox 61 1422 210 1463; x_wconf 87' lang='lat' dir='ltr'>quam</span> <span class='ocrx_word' id='word_1_167' title='bbox 235 1411 502 1452; x_wconf 83' lang='lat' dir='ltr'>diffundit</span> <span class='ocrx_word' id='word_1_168' title='bbox 527 1412 756 1465; x_wconf 84' lang='lat' dir='ltr'>spiritus</span> <span class='ocrx_word' id='word_1_169' title='bbox 784 1425 875 1452; x_wconf 87' lang='lat' dir='ltr'>san</span> <span class='ocrx_word' id='word_1_170' title='bbox 892 1418 1009 1453; x_wconf 86' lang='lat' dir='ltr'>ctus</span> <span class='ocrx_word' id='word_1_171' title='bbox 1034 1415 1084 1454; x_wconf 86' lang='lat' dir='ltr'>in</span> <span class='ocrx_word' id='word_1_172' title='bbox 1113 1416 1374 1456; x_wconf 84' lang='lat' dir='ltr'>cordibus</span> 
     </span>
     <span class='ocr_line' id='line_1_25' title="bbox 61 1466 1375 1520; baseline 0.001 -10"><span class='ocrx_word' id='word_1_173' title='bbox 61 1468 299 1517; x_wconf 86' lang='lat' dir='ltr'>nostris,</span> <span class='ocrx_word' id='word_1_174' title='bbox 354 1468 587 1507; x_wconf 86' lang='lat' dir='ltr'>nondum</span> <span class='ocrx_word' id='word_1_175' title='bbox 631 1466 699 1507; x_wconf 85' lang='lat' dir='ltr'>fit</span> <span class='ocrx_word' id='word_1_176' title='bbox 743 1470 1185 1520; x_wconf 80' lang='lat' dir='ltr'>quemadmodum</span> <span class='ocrx_word' id='word_1_177' title='bbox 1242 1471 1375 1511; x_wconf 88' lang='lat' dir='ltr'>fieri</span> 
     </span>
     <span class='ocr_line' id='line_1_26' title="bbox 63 1523 1374 1581; baseline 0.002 -16"><span class='ocrx_word' id='word_1_178' title='bbox 63 1530 301 1579; x_wconf 83' lang='lat' dir='ltr'>oportet,</span> <span class='ocrx_word' id='word_1_179' title='bbox 340 1524 541 1576; x_wconf 73' lang='lat' dir='ltr'>quamvis</span> <span class='ocrx_word' id='word_1_180' title='bbox 575 1524 672 1563; x_wconf 88' lang='lat' dir='ltr'>fieri</span> <span class='ocrx_word' id='word_1_181' title='bbox 711 1523 927 1564; x_wconf 80' lang='lat' dir='ltr'>videatur.</span> <span class='ocrx_word' id='word_1_182' title='bbox 1000 1527 1174 1566; x_wconf 76' lang='lat' dir='ltr'>Caritas</span> <span class='ocrx_word' id='word_1_183' title='bbox 1210 1528 1374 1581; x_wconf 83' lang='lat' dir='ltr'>quippe</span> 
     </span>
     <span class='ocr_line' id='line_1_27' title="bbox 59 1579 1374 1635; baseline 0.002 -14"><span class='ocrx_word' id='word_1_184' title='bbox 59 1583 147 1621; x_wconf 74' lang='lat' dir='ltr'>ista</span> <span class='ocrx_word' id='word_1_185' title='bbox 167 1580 254 1619; x_wconf 91' lang='lat' dir='ltr'>Dei</span> <span class='ocrx_word' id='word_1_186' title='bbox 275 1585 343 1619; x_wconf 86' lang='lat' dir='ltr'>est</span> <span class='ocrx_word' id='word_1_187' title='bbox 363 1585 407 1618; x_wconf 88' lang='lat' dir='ltr'>et</span> <span class='ocrx_word' id='word_1_188' title='bbox 426 1580 634 1632; x_wconf 83' lang='lat' dir='ltr'>proximi,</span> <span class='ocrx_word' id='word_1_189' title='bbox 663 1584 707 1619; x_wconf 83' lang='lat' dir='ltr'>et</span> <span class='ocrx_word' id='word_1_190' title='bbox 726 1580 881 1632; x_wconf 87' lang='lat' dir='ltr'>utique</span> <span class='ocrx_word' id='word_1_191' title='bbox 900 1581 944 1620; x_wconf 87' lang='lat' dir='ltr'>in</span> <span class='ocrx_word' id='word_1_192' title='bbox 965 1579 1033 1621; x_wconf 91' lang='lat' dir='ltr'>his</span> <span class='ocrx_word' id='word_1_193' title='bbox 1054 1582 1229 1622; x_wconf 85' lang='lat' dir='ltr'>duobus</span> <span class='ocrx_word' id='word_1_194' title='bbox 1250 1596 1374 1635; x_wconf 78' lang='lat' dir='ltr'>prae-</span> 
     </span>
     <span class='ocr_line' id='line_1_28' title="bbox 62 1634 1373 1688; baseline 0.001 -11"><span class='ocrx_word' id='word_1_195' title='bbox 62 1637 205 1688; x_wconf 78' lang='lat' dir='ltr'>ceptis</span> <span class='ocrx_word' id='word_1_196' title='bbox 232 1641 330 1674; x_wconf 79' lang='lat' dir='ltr'>tota</span> <span class='ocrx_word' id='word_1_197' title='bbox 355 1635 425 1675; x_wconf 87' lang='lat' dir='ltr'>lex</span> <span class='ocrx_word' id='word_1_198' title='bbox 454 1636 619 1688; x_wconf 85' lang='lat' dir='ltr'>pendet</span> <span class='ocrx_word' id='word_1_199' title='bbox 645 1641 690 1674; x_wconf 90' lang='lat' dir='ltr'>et</span> <span class='ocrx_word' id='word_1_200' title='bbox 716 1634 1036 1688; x_wconf 81' lang='lat' dir='ltr'>prophetae.⁴²)</span> <span class='ocrx_word' id='word_1_201' title='bbox 1096 1639 1220 1678; x_wconf 80' lang='lat' dir='ltr'>Adde</span> <span class='ocrx_word' id='word_1_202' title='bbox 1243 1652 1373 1678; x_wconf 75' lang='lat' dir='ltr'>evan-</span> 
     </span>
     <span class='ocr_line' id='line_1_29' title="bbox 62 1690 1375 1745; baseline 0.002 -13"><span class='ocrx_word' id='word_1_203' title='bbox 62 1692 245 1745; x_wconf 84' lang='lat' dir='ltr'>gelium,</span> <span class='ocrx_word' id='word_1_204' title='bbox 278 1690 392 1731; x_wconf 86' lang='lat' dir='ltr'>adde</span> <span class='ocrx_word' id='word_1_205' title='bbox 413 1691 662 1743; x_wconf 84' lang='lat' dir='ltr'>apostolos.</span> <span class='ocrx_word' id='word_1_206' title='bbox 723 1690 822 1730; x_wconf 76' lang='lat' dir='ltr'>Non</span> <span class='ocrx_word' id='word_1_207' title='bbox 844 1694 961 1731; x_wconf 85' lang='lat' dir='ltr'>enim</span> <span class='ocrx_word' id='word_1_208' title='bbox 981 1693 1161 1733; x_wconf 87' lang='lat' dir='ltr'>aliunde</span> <span class='ocrx_word' id='word_1_209' title='bbox 1181 1707 1268 1735; x_wconf 71' lang='lat' dir='ltr'>vox</span> <span class='ocrx_word' id='word_1_210' title='bbox 1286 1697 1375 1735; x_wconf 77' lang='lat' dir='ltr'>ista</span> 
     </span>
     <span class='ocr_line' id='line_1_30' title="bbox 65 1747 1372 1800; baseline 0.002 -12"><span class='ocrx_word' id='word_1_211' title='bbox 65 1755 156 1789; x_wconf 76' lang='lat' dir='ltr'>est:</span> <span class='ocrx_word' id='word_1_212' title='bbox 189 1747 339 1786; x_wconf 88' lang='lat' dir='ltr'>Finis</span> <span class='ocrx_word' id='word_1_213' title='bbox 364 1748 646 1800; x_wconf 87' lang='lat' dir='ltr'>praecepti</span> <span class='ocrx_word' id='word_1_214' title='bbox 675 1752 756 1787; x_wconf 88' lang='lat' dir='ltr'>est</span> <span class='ocrx_word' id='word_1_215' title='bbox 783 1748 1014 1798; x_wconf 87' lang='lat' dir='ltr'>caritas,</span> <span class='ocrx_word' id='word_1_216' title='bbox 1043 1756 1093 1789; x_wconf 89' lang='lat' dir='ltr'>et</span> <span class='ocrx_word' id='word_1_217' title='bbox 1122 1750 1262 1789; x_wconf 57' lang='lat' dir='ltr'>Deus</span> <span class='ocrx_word' id='word_1_218' title='bbox 1292 1763 1372 1790; x_wconf 85' lang='lat' dir='ltr'>ca·</span> 
     </span>
     <span class='ocr_line' id='line_1_31' title="bbox 60 1802 1372 1856; baseline 0.002 -13"><span class='ocrx_word' id='word_1_219' title='bbox 60 1805 196 1843; x_wconf 77' lang='lat' dir='ltr'>ritas</span> <span class='ocrx_word' id='word_1_220' title='bbox 223 1803 372 1852; x_wconf 82' lang='lat' dir='ltr'>est.⁵)</span> <span class='ocrx_word' id='word_1_221' title='bbox 422 1802 794 1856; x_wconf 75' lang='lat' dir='ltr'>Quaecumque</span> <span class='ocrx_word' id='word_1_222' title='bbox 822 1815 951 1856; x_wconf 79' lang='lat' dir='ltr'>ergo</span> <span class='ocrx_word' id='word_1_223' title='bbox 976 1806 1189 1845; x_wconf 83' lang='lat' dir='ltr'>mandat</span> <span class='ocrx_word' id='word_1_224' title='bbox 1210 1806 1372 1856; x_wconf 79' lang='lat' dir='ltr'>Deus,</span> 
     </span>
     <span class='ocr_line' id='line_1_32' title="bbox 62 1858 1372 1913; baseline 0.002 -15"><span class='ocrx_word' id='word_1_225' title='bbox 62 1871 118 1899; x_wconf 77' lang='lat' dir='ltr'>ex</span> <span class='ocrx_word' id='word_1_226' title='bbox 152 1858 312 1910; x_wconf 86' lang='lat' dir='ltr'>quibus</span> <span class='ocrx_word' id='word_1_227' title='bbox 352 1871 484 1897; x_wconf 90' lang='lat' dir='ltr'>unum</span> <span class='ocrx_word' id='word_1_228' title='bbox 519 1863 606 1898; x_wconf 82' lang='lat' dir='ltr'>est:</span> <span class='ocrx_word' id='word_1_229' title='bbox 641 1872 726 1898; x_wconf 77' lang='lat' dir='ltr'>uon</span> <span class='ocrx_word' id='word_1_230' title='bbox 760 1859 1132 1907; x_wconf 70' lang='lat' dir='ltr'>moechaberisfl),</span> <span class='ocrx_word' id='word_1_231' title='bbox 1168 1866 1212 1900; x_wconf 86' lang='lat' dir='ltr'>et</span> <span class='ocrx_word' id='word_1_232' title='bbox 1239 1874 1372 1913; x_wconf 74' lang='lat' dir='ltr'>qnae-</span> 
     </span>
     <span class='ocr_line' id='line_1_33' title="bbox 63 1914 1371 1967; baseline 0.002 -15"><span class='ocrx_word' id='word_1_233' title='bbox 63 1926 251 1967; x_wconf 87' lang='lat' dir='ltr'>cumque</span> <span class='ocrx_word' id='word_1_234' title='bbox 277 1926 363 1952; x_wconf 86' lang='lat' dir='ltr'>non</span> <span class='ocrx_word' id='word_1_235' title='bbox 394 1914 627 1964; x_wconf 84' lang='lat' dir='ltr'>iubentur,</span> <span class='ocrx_word' id='word_1_236' title='bbox 659 1914 739 1953; x_wconf 82' lang='lat' dir='ltr'>sed</span> <span class='ocrx_word' id='word_1_237' title='bbox 767 1915 956 1966; x_wconf 76' lang='lat' dir='ltr'>speciali</span> <span class='ocrx_word' id='word_1_238' title='bbox 977 1918 1168 1956; x_wconf 78' lang='lat' dir='ltr'>consilio</span> <span class='ocrx_word' id='word_1_239' title='bbox 1190 1930 1371 1956; x_wconf 75' lang='lat' dir='ltr'>monen-</span> 
     </span>
     <span class='ocr_line' id='line_1_34' title="bbox 59 1969 1371 2023; baseline 0.002 -14"><span class='ocrx_word' id='word_1_240' title='bbox 59 1969 209 2020; x_wconf 83' lang='lat' dir='ltr'>tur⁷)‚</span> <span class='ocrx_word' id='word_1_241' title='bbox 236 1981 291 2009; x_wconf 80' lang='lat' dir='ltr'>ex</span> <span class='ocrx_word' id='word_1_242' title='bbox 312 1969 470 2023; x_wconf 85' lang='lat' dir='ltr'>quibus</span> <span class='ocrx_word' id='word_1_243' title='bbox 491 1983 622 2010; x_wconf 87' lang='lat' dir='ltr'>unum</span> <span class='ocrx_word' id='word_1_244' title='bbox 644 1976 734 2009; x_wconf 89' lang='lat' dir='ltr'>est:</span> <span class='ocrx_word' id='word_1_245' title='bbox 771 1970 925 2010; x_wconf 74' lang='lat' dir='ltr'>bonum</span> <span class='ocrx_word' id='word_1_246' title='bbox 953 1979 1015 2011; x_wconf 82' lang='lat' dir='ltr'>est</span> <span class='ocrx_word' id='word_1_247' title='bbox 1040 1971 1205 2012; x_wconf 76' lang='lat' dir='ltr'>homini</span> <span class='ocrx_word' id='word_1_248' title='bbox 1228 1972 1371 2012; x_wconf 77' lang='lat' dir='ltr'>mulie-</span> 
     </span>
    </p>
   </div>
   <div class='ocr_carea' id='block_1_3' title="bbox 58 2107 1370 2242">
    <p class='ocr_par' dir='ltr' id='par_1_5' title="bbox 58 2107 1370 2242">
     <span class='ocr_line' id='line_1_35' title="bbox 108 2107 1370 2152; baseline 0.002 -12"><span class='ocrx_word' id='word_1_249' title='bbox 108 2110 144 2149; x_wconf 81' lang='lat'>1)</span> <span class='ocrx_word' id='word_1_250' title='bbox 166 2107 321 2142; x_wconf 79' lang='lat' dir='ltr'>Cf.10h.</span> <span class='ocrx_word' id='word_1_251' title='bbox 345 2111 376 2144; x_wconf 82' lang='lat'>3,</span> <span class='ocrx_word' id='word_1_252' title='bbox 397 2113 428 2141; x_wconf 68' lang='lat'>8.</span> <span class='ocrx_word' id='word_1_253' title='bbox 479 2109 766 2152; x_wconf 76' lang='lat' dir='ltr'>2)Ron1.9‚14.</span> <span class='ocrx_word' id='word_1_254' title='bbox 817 2111 854 2152; x_wconf 84' lang='lat'>3)</span> <span class='ocrx_word' id='word_1_255' title='bbox 881 2109 1100 2143; x_wconf 75' lang='lat' dir='ltr'>{Tin1.1..&#39;›,</span> <span class='ocrx_word' id='word_1_256' title='bbox 1151 2111 1187 2149; x_wconf 71' lang='lat'>4]</span> <span class='ocrx_word' id='word_1_257' title='bbox 1203 2110 1370 2143; x_wconf 52' lang='lat' dir='ltr'>(raom.</span> 
     </span>
     <span class='ocr_line' id='line_1_36' title="bbox 59 2154 1368 2197; baseline 0.002 -11"><span class='ocrx_word' id='word_1_258' title='bbox 59 2158 90 2189; x_wconf 81' lang='lat'>5,</span> <span class='ocrx_word' id='word_1_259' title='bbox 109 2158 140 2186; x_wconf 83' lang='lat'>5.</span> <span class='ocrx_word' id='word_1_260' title='bbox 159 2162 192 2187; x_wconf 83' lang='lat' dir='ltr'>et</span> <span class='ocrx_word' id='word_1_261' title='bbox 215 2155 348 2188; x_wconf 77' lang='lat' dir='ltr'>Matth.</span> <span class='ocrx_word' id='word_1_262' title='bbox 367 2159 410 2188; x_wconf 78' lang='lat'>22</span> <span class='ocrx_word' id='word_1_263' title='bbox 442 2159 497 2187; x_wconf 81' lang='lat'>40.</span> <span class='ocrx_word' id='word_1_264' title='bbox 548 2159 585 2193; x_wconf 70' lang='lat'>5}</span> <span class='ocrx_word' id='word_1_265' title='bbox 607 2154 664 2186; x_wconf 81' lang='lat' dir='ltr'>Cf.</span> <span class='ocrx_word' id='word_1_266' title='bbox 685 2158 697 2186; x_wconf 81' lang='lat' dir='ltr'>l</span> <span class='ocrx_word' id='word_1_267' title='bbox 718 2154 797 2187; x_wconf 85' lang='grc' dir='ltr'>ΙοΙι.</span> <span class='ocrx_word' id='word_1_268' title='bbox 814 2158 846 2192; x_wconf 77' lang='lat'>4.</span> <span class='ocrx_word' id='word_1_269' title='bbox 872 2158 923 2190; x_wconf 80' lang='lat'>16.</span> <span class='ocrx_word' id='word_1_270' title='bbox 972 2156 1292 2197; x_wconf 62' lang='lat' dir='ltr'>(3)Cf.)1atth.5‚</span> <span class='ocrx_word' id='word_1_271' title='bbox 1314 2159 1368 2189; x_wconf 72' lang='lat'>27.</span> 
     </span>
     <span class='ocr_line' id='line_1_37' title="bbox 58 2201 691 2242; baseline 0 -11"><span class='ocrx_word' id='word_1_272' title='bbox 58 2201 162 2233; x_wconf 84' lang='lat' dir='ltr'>Rom.</span> <span class='ocrx_word' id='word_1_273' title='bbox 187 2204 235 2241; x_wconf 78' lang='lat'>¹3,</span> <span class='ocrx_word' id='word_1_274' title='bbox 258 2205 290 2234; x_wconf 75' lang='grc'>9.</span> <span class='ocrx_word' id='word_1_275' title='bbox 341 2202 378 2242; x_wconf 77' lang='grc' dir='ltr'>Ἰ)</span> <span class='ocrx_word' id='word_1_276' title='bbox 398 2201 475 2234; x_wconf 68' lang='lat' dir='ltr'>AL:</span> <span class='ocrx_word' id='word_1_277' title='bbox 503 2206 691 2235; x_wconf 74' lang='lat' dir='ltr'>voventur.</span> 
     </span>
    </p>
   </div>
  </div>
 </body>
</html>
