1503 2465
145 154 223 196 160
501 154 736 194 AURELH
766 153 1084 194 AUGUS'I'INI

144 240 366 279 submisse
387 238 597 288 dicimus3
629 251 680 277 ac
699 251 776 291 per
795 237 878 277 hoc
895 238 1097 277 volumus
1119 250 1203 277 non
1221 238 1366 278 solum
1384 239 1449 279 in-

142 296 419 348 telligenter,
437 307 587 333 verum
603 296 735 333 etiam
756 294 949 332 libenter
966 294 1126 333 audiri.
1165 294 1281 341 Quid
1302 302 1451 334 autem

144 352 317 403 agimus
355 351 517 390 divinis
551 350 824 389 testimoniis
857 349 1060 389 docendo
1093 350 1210 402 quod
1244 350 1452 399 dicimus,

144 408 229 446 nisi
249 412 296 445 ut
317 406 584 445 obedienter
601 405 854 453 audiamur,
888 405 930 443 id
952 411 1039 453 est,
1069 411 1118 444 ut
1136 405 1346 444 credatur
1368 406 1449 453 eis,

145 461 396 513 opitulante
416 461 497 500 illo
518 462 588 501 cui
609 461 774 500 dictum
794 466 863 499 est
879 462 934 510 ι);
967 458 1234 500 Testimonia
1258 468 1334 500 tua
1360 474 1449 500 cre-

144 516 375 571 ditafacta
392 525 493 556 sunt
510 517 657 556 valde?
682 516 796 564 Quid
819 516 951 555 etiam
971 518 1093 568 cupit
1112 517 1195 556 nisi
1216 517 1354 565 credi,
1375 517 1452 569 qui

143 573 316 625 aliquid
342 573 451 612 licet
484 572 706 612 submisso
737 572 918 624 eloquio
955 572 1234 612 discentibus
1266 571 1450 611 narrat‘}

141 628 199 667 Et
218 629 316 681 quis
343 641 443 667 eum
476 628 585 667 velit
618 627 793 675 audire,
829 628 914 666 nisi
951 629 1202 668 auditorem
1235 627 1450 667 nonnulla

145 684 279 723 etiam
306 688 528 723 suavitate
558 682 783 723 detineat?
828 682 940 722 Nam
966 685 1005 724 si
1029 699 1116 723 non
1150 683 1447 735 intelligatur,

146 741 243 792 quis
262 741 450 788 nesciat,
475 751 555 778 nee
574 740 766 779 libenter
785 751 883 778 eum
904 751 1054 790 posse,
1082 752 1164 778 nee
1184 739 1450 777 obedienter

146 795 291 834 audiri
303 796 317 833 ’ἐ
353 795 621 847 Plerumque
642 800 787 833 autem
809 794 946 834 dictio
968 795 1063 848 ipsa
1083 796 1320 843 submissa,
1348 795 1450 833 dum

146 851 282 891 solvit
302 851 589 890 difficillimas
609 851 921 903 quaestiones,
949 857 994 890 et
1017 851 1248 902 inopinata
1263 849 1450 888 manife-

144 909 340 946 statione
361 906 660 955 demonstrat3
693 906 795 945 dum
815 908 1064 945 sententias
1093 906 1376 945 acutissimas
1398 905 1451 945 de

144 963 300 1002 nescio
321 963 479 1014 quibus
500 962 627 1014 quasi
657 961 881 1010 cavernis,
915 962 1032 1001 unde
1060 974 1147 1000 non
1173 961 1452 1014 sperabatur,

146 1020 264 1058 eruit
284 1024 328 1057 et
349 1018 570 1067 ostendit3
601 1017 703 1056 dum
724 1017 968 1056 adversarii
991 1018 1215 1056 convincit
1235 1029 1450 1065 errorem,

146 1081 192 1113 et
211 1073 344 1113 docet
363 1072 525 1112 falsum
545 1085 669 1122 esse,
707 1073 824 1125 quod
852 1073 905 1111 ab
927 1073 1004 1112 illo
1028 1073 1113 1112 diei
1135 1073 1371 1112 ridebatur
1387 1073 1450 1111 in-

144 1130 325 1177 victum,
346 1130 536 1169 maxime
557 1129 734 1182 quando
756 1128 884 1167 adest
904 1129 942 1167 ei
965 1129 1186 1180 quoddam
1209 1128 1344 1167 decus
1365 1141 1451 1166 non

146 1185 418 1237 adpetitum,
448 1185 526 1224 sed
549 1184 880 1237 quodammodo
907 1185 1133 1233 naturale,
1168 1190 1212 1223 et
1240 1183 1454 1223 nonnulla

145 1254 232 1280 non
249 1241 562 1286 iactanticula,
590 1239 668 1278 sed
690 1240 817 1292 qnasi
837 1241 1114 1288 necessaria,
1146 1246 1278 1292 atque
1300 1241 1367 1287 (ut
1389 1240 1455 1278 ita

146 1296 311 1341 dicam)
346 1297 455 1348 ipsis
489 1297 624 1334 rebus
653 1296 885 1344 extorta2)
910 1295 1210 1334 numerositas
1235 1294 1454 1334 clausula-

144 1364 256 1400 rum,
276 1358 423 1390 tantas
443 1351 798 1390 adclamationes
820 1351 998 1399 excitat,
1020 1357 1067 1390 ut
1085 1353 1157 1391 vix
1174 1351 1455 1403 intelligatur

146 1420 246 1446 esse
268 1408 503 1446 submissa.
551 1405 648 1445 lN'on
672 1407 787 1445 enim
807 1407 910 1459 quia
931 1419 1072 1459 neque
1092 1406 1260 1445 incedit
1279 1414 1450 1454 ornata,

145 1475 291 1515 neque
312 1469 500 1505 armata,
526 1462 603 1500 sed
624 1469 848 1513 tamquam
874 1462 988 1500 nuda
1007 1462 1322 1514 congreditur,
1347 1461 1450 1500 ideo

144 1531 234 1557 non
254 1518 558 1557 adversarium
580 1519 728 1557 nervis
746 1518 1018 1569 lacertisque
1036 1518 1231 1563 collidit,
1261 1526 1305 1556 et
1334 1518 1452 1557 obsi-

145 1580 338 1613 stentem
365 1573 541 1612 subruit
564 1586 614 1612 ac
636 1573 829 1612 destruit
852 1573 1062 1612 membris
1087 1573 1348 1613 fortissimis
1369 1572 1450 1612 fal·

145 1630 341 1668 sitatem.
401 1629 526 1668 Unde
555 1635 702 1667 autem
729 1629 887 1668 crebro
910 1635 954 1668 et
971 1629 1155 1668 multum
1175 1629 1451 1667 adclamatur

139 1685 205 1724 ita
225 1685 503 1733 dicentibus,
529 1685 614 1723 nisi
634 1684 737 1736 quia
755 1686 921 1724 veritas
941 1685 1005 1723 sie
1025 1684 1352 1732 demonstrata,
1384 1685 1449 1724 sic

141 1740 342 1788 defensa,
364 1741 428 1779 sic
448 1740 614 1779 invicta
635 1740 855 1779 delectat!
886 1740 941 1778 Et
958 1741 1000 1777 in
1022 1738 1106 1778 hoc
1126 1741 1265 1792 igitur
1282 1752 1447 1793 genere

140 1796 364 1835 submisso
384 1798 470 1836 iste
491 1802 646 1834 noster
664 1796 824 1834 doctor
843 1801 887 1834 et
905 1796 1052 1834 dictor
1075 1795 1120 1833 id
1143 1808 1277 1848 agere
1298 1795 1445 1844 debet,

137 1859 186 1891 ut
211 1866 298 1890 non
326 1852 470 1890 solum
499 1852 831 1903 intelligenter,
857 1863 1008 1889 verum
1037 1851 1170 1889 etiam
1192 1851 1384 1890 libenter
1403 1858 1448 1891 et

139 1907 407 1946 obedienter
427 1906 648 1946 audiatur.
683 1906 765 1944 llla
786 1918 963 1958 quoque
984 1906 1243 1958 eloquentia
1263 1907 1443 1959 generis

137 1964 377 2014 temperati
395 1962 509 2014 apud
532 1963 816 2014 cloquentem
839 1962 1193 2001 ecclesiasticum
1221 1975 1302 2001 nee
1327 1964 1445 2000 inor-

134 2024 241 2058 nata
259 2018 546 2070 relinquitur,
572 2030 653 2056 nee
671 2018 933 2056 indecenter
954 2023 1154 2061 ornatum
1190 2030 1270 2056 nee
1298 2018 1441 2056 solum

135 2072 223 2113 hoc
242 2074 414 2126 adpetit
433 2080 479 2112 ut
499 2073 709 2121 delectet,
741 2073 858 2125 quod
880 2073 1022 2112 solum
1044 2073 1158 2125 apud
1178 2073 1291 2112 alios
1311 2074 1442 2126 profi·

184 2208 215 2238 l)
240 2203 298 2234 Ps.
319 2207 371 2239 92,
392 2208 421 2235 Γ).
441 2216 509 2237 sec.
533 2204 654 2236 LXX.
708 2208 744 2242 2)
768 2205 854 2236 3155.
874 2202 998 2247 plnres
1019 2215 1095 2236 curn
1117 2204 1207 2242 Am„
1236 2206 1314 2245 Exn,
1344 2205 1442 2240 cah:

137 2256 282 2281 exoriri.
