1503 2465
137 76 216 118 168
492 72 728 114 AURELH
755 71 1079 113 AUGUSTINI

137 160 274 201 dubio
310 159 449 207 scies,
505 157 808 209 diligenter
846 154 1067 194 sciendo
1103 155 1225 207 quid
1272 154 1440 202 credi,

138 216 267 270 quid
292 213 500 266 sperari
521 213 740 260 debeat,
762 210 886 264 quid
915 210 1093 249 amari.
1129 210 1273 249 Haec
1305 211 1442 249 enim

136 272 389 318 maxime,
434 271 590 308 immo
634 279 759 306 vero
804 266 926 305 sola
959 265 1011 304 in
1043 266 1326 318 religione
1365 277 1442 304 se-

139 326 347 380 quenda
374 329 509 364 sunt.
569 323 653 362 His
679 323 753 375 qui
777 321 1068 368 contradicit,
1115 326 1191 360 aut
1218 320 1396 359 omnino
1417 332 1443 358 a

138 381 307 422 Christi
339 380 519 419 nomine
554 379 726 417 alienus
758 382 844 425 est,
881 382 956 415 aut
989 374 1257 415 haereticus.
1316 375 1444 414 Haec

137 444 240 477 sunt
265 434 550 476 defendenda
576 434 773 481 ratione,
807 432 933 481 vel1)
963 444 988 470 a
1013 431 1218 470 sensibus
1240 430 1444 482 corporis

135 492 369 541 inchoata,
396 491 466 529 vel
483 490 536 528 ab
557 488 860 541 intelligentia
877 488 1039 526 mentis
1059 488 1255 526 inventa.
1318 486 1444 533 Quae

137 555 287 588 autem
305 559 387 586 nec
407 557 626 597 corporeo
648 556 781 583 sensu
802 543 975 595 experti
999 556 1164 590 sumus,
1196 554 1279 580 nec
1295 547 1444 579 mente

137 605 326 656 adsequi
355 602 573 640 valuimus
600 605 676 639 aut
701 599 898 638 valemus
915 628 925 647 ,
961 598 1027 637 eis
1048 600 1142 637 sine
1163 597 1255 637 ulla
1272 596 1445 636 dubita-

136 662 259 699 tione
281 657 506 698 credenda
527 661 629 695 sunt
646 655 853 703 testibus,
873 653 1069 706 aquibus
1090 666 1143 692 ea
1161 664 1274 706 quae
1295 652 1447 690 divina

136 716 288 755 vocari
309 715 395 752 iam
415 712 578 752 meruit
596 711 818 763 scriptura
838 708 1046 748 confecta
1064 714 1151 748 est:
1184 708 1259 760 qui
1279 719 1332 747 ea
1351 707 1444 746 sive

135 784 217 825 per
235 782 412 821 corpus,
440 768 533 807 sive
553 779 631 820 per
650 767 842 805 animum
864 765 1077 804 divinitus
1097 764 1259 813 adiuti,
1293 762 1366 802 vel
1384 762 1445 801 vi-

138 827 260 875 dere,
285 825 357 864 vel
377 824 509 863 etiam
528 822 793 875 praevidere
813 825 1068 874 potuerunt.

193 882 240 921 C.
261 880 313 921 V.
375 880 518 927 Quum
538 884 685 917 autem
702 877 832 916 initio
853 876 955 915 fidei
971 906 980 924 ,
1008 887 1119 928 quae
1138 886 1218 927 per
1238 872 1444 913 dilectio-

137 950 238 977 nem
259 937 541 989 operatur2),
576 933 747 972 imbuta
771 944 895 971 mens
921 930 1076 978 fuerit,
1113 929 1287 970 tendit
1309 929 1405 968 ben
1421 940 1443 968 e

137 991 367 1032 vivendo
396 991 556 1029 etiam
583 989 645 1027 ad
671 988 901 1040 speciem
933 986 1238 1038 pervenire,
1258 984 1343 1024 ubi
1363 988 1445 1023 est

142 1048 343 1088 sanctis
378 1050 428 1084 et
460 1043 733 1098 perfectis
774 1042 1036 1082 cordibus
1081 1047 1207 1080 nota
1250 1038 1444 1078 ineffa-

135 1105 270 1143 bilis
296 1099 666 1154 pulchritudo,
689 1100 837 1138 cuius
863 1098 1020 1150 plena
1039 1097 1178 1135 visio
1209 1101 1289 1134 est
1313 1108 1445 1134 sum-

140 1172 215 1199 ma
242 1157 502 1197 felicitas.
536 1155 638 1194 Hoc
658 1159 726 1193 est
744 1156 949 1193 nimirum
970 1152 1089 1205 quod
1110 1151 1317 1204 requiris,
1338 1149 1446 1203 quid

137 1216 348 1269 primum,
384 1211 491 1264 quid
515 1211 718 1250 ultimum
746 1214 975 1248 teneatur:
1022 1206 1267 1247 inchoari
1308 1205 1344 1245 fi
1360 1206 1443 1254 de,

137 1269 278 1323 persi
293 1268 341 1307 ci
364 1267 559 1319 specie.
621 1266 748 1304 Haec
768 1267 902 1304 etiam
920 1264 1060 1303 totius
1081 1262 1356 1302 definitionis
1377 1266 1447 1301 est

138 1337 321 1366 summa.
384 1323 601 1362 Certum
624 1333 749 1360 vero
776 1321 1167 1373 propriumque
1195 1317 1335 1357 fidei
1359 1329 1445 1356 ca-

139 1380 193 1421 th
210 1381 385 1420 olicae
423 1377 824 1417 fundamentum
859 1374 1111 1414 Christus
1155 1378 1249 1413 est.
1324 1371 1445 1411 Fem-

139 1437 384 1476 damentmn
408 1433 518 1473 enim
544 1432 681 1480 alind,
720 1432 783 1470 ait
815 1430 1128 1483 apostolus-³),
1158 1441 1278 1468 nemo
1303 1433 1450 1480 potest

135 1496 485 1545 ponerepraeter
507 1488 554 1527 id
572 1488 685 1540 quod
700 1486 891 1540 positum
910 1492 991 1535 est,
1029 1484 1143 1537 qnod
1164 1490 1227 1523 est
1247 1482 1446 1522 Christus

138 1547 271 1588 Iesus.
333 1545 487 1597 Neque
508 1543 593 1583 hoc
616 1543 719 1582 ideo
741 1540 993 1595 negandum
1014 1545 1083 1579 est
1099 1539 1328 1592 proprium
1347 1537 1444 1577 fun-

141 1603 394 1642 damentum
419 1612 519 1639 esse
546 1599 652 1637 fidei
684 1597 959 1643 catholicae,
994 1596 1099 1648 quia
1121 1596 1267 1648 putari
1296 1597 1447 1646 potest

140 1658 364 1711 aliquibus
399 1655 641 1694 haereticis
680 1652 766 1692 hoc
799 1652 1031 1691 nobiscum
1058 1662 1158 1690 esse
1194 1660 1442 1689 commune.

140 1713 186 1754 Si
207 1713 323 1752 enim
344 1712 599 1763 diligenter,
617 1721 729 1762 quae
749 1709 803 1748 ad
820 1706 1044 1746 Christum
1065 1706 1302 1758 pertinent,
1323 1704 1445 1757 cogi-

138 1774 308 1816 tantur,
342 1768 518 1806 nomine
550 1771 679 1805 tenus
706 1763 932 1803 invenitur
951 1761 1154 1801 Christus
1179 1761 1295 1813 apud
1314 1773 1444 1812 quos-

138 1825 251 1864 libet
270 1822 541 1869 haereticos,
563 1821 634 1874 qui
656 1832 704 1859 se
725 1818 1006 1858 Christianos
1027 1817 1177 1855 vocari
1197 1816 1375 1864 volunt3
1395 1827 1444 1854 re

138 1892 246 1919 vero
266 1880 365 1932 ipsa
388 1890 474 1916 non
496 1882 564 1915 est
588 1875 705 1927 apud
730 1886 824 1913 eos.
887 1873 1018 1921 Quod
1045 1872 1284 1912 ostendere
1313 1871 1444 1910 nimis

138 1935 323 1987 longum
350 1939 435 1981 est,
471 1933 680 1984 quoniam
705 1928 1122 1970 commemorandae
1156 1932 1258 1966 sunt
1290 1939 1445 1966 omnes

139 1989 368 2038 haereses,
385 1989 479 2028 sive
495 1999 608 2041 quae
627 1986 823 2035 fuerunt,
843 1985 937 2024 sive
955 1995 1068 2036 quae
1084 1988 1200 2031 sunt,
1221 1983 1315 2022 sive
1332 1992 1444 2034 quae

193 2121 224 2161 t)
245 2120 341 2157 Aur,
364 2119 445 2157 Er.‚
468 2120 578 2157 Dan.,
605 2122 625 2151 4
645 2120 731 2151 uss.
751 2119 838 2151 Ben.
859 2121 896 2149 et
912 2120 932 2150 2
950 2116 1069 2159 Lips.:
1097 2126 1192 2161 quae
1210 2115 1278 2149 vel.
1329 2113 1364 2156 2)
1386 2111 1445 2146 Cf.

141 2165 223 2199 Gal.
243 2168 273 2204 5,
292 2169 324 2199 6.
373 2166 410 2206 3)
436 2171 447 2198 l
471 2166 554 2198 Cor.
573 2169 604 2202 3,
631 2170 679 2197 ll.
