1503 2465
122 108 176 147 44
481 103 716 144 AURELH
747 100 1066 141 AUGUS'MM

125 191 308 231 codices
328 188 495 229 habent
509 190 569 239 l):
599 187 731 227 Aonii
741 186 868 239 pedes
889 197 1037 224 eorum
1055 183 1113 222 ad
1128 180 1434 236 effundendum

121 245 407 301 sanguineum
439 242 532 289 ὀξύς
556 244 673 282 enim
698 248 743 282 et
760 248 933 281 actatum
951 239 1068 292 apud
1087 238 1288 277 Graecos
1308 242 1353 276 et
1368 249 1433 275 ve-

123 303 257 343 locem
276 301 518 353 significat.
549 299 630 338 llle
650 310 759 351 ergo
781 297 890 336 vidit
909 295 1177 335 sententiam
1198 293 1272 346 qui
1290 298 1432 331 trans-

121 358 247 398 tulit:
267 358 427 396 veloces
441 355 571 408 pedes
590 366 736 394 eornm
754 353 811 391 ad
826 350 1132 405 effundendum
1149 347 1434 402 sanguineum

121 413 203 455 ille
223 418 371 452 autem
392 411 506 451 alius
525 409 712 463 ancipiti
727 410 857 461 signo
878 407 919 446 in
939 406 1073 445 aliam
1090 411 1262 458 partein
1283 408 1434 455 raptus

125 469 306 509 erravit.
343 467 401 506 Et
418 466 530 506 talia
548 466 726 518 quidem
745 476 832 503 non
853 463 1057 509 obscura,
1078 460 1158 500 sed
1178 459 1296 499 falsa
1311 466 1433 506 sunt3

124 535 312 577 quorum
341 523 431 562 alia
456 522 656 561 conditio
685 525 767 560 est.
829 517 929 558 Non
954 517 1071 557 enim
1090 513 1433 568 intelligendo&

125 580 207 620 sed
231 578 535 619 emendandos
561 577 674 616 tales
702 574 884 614 codices
905 573 1052 626 potius
1071 569 1436 624 praecipiendum

126 641 209 676 est.
270 634 388 674 Hinc
422 638 492 673 est
526 633 663 672 etiam
685 630 814 680 illud,
848 631 1058 683 quoniam
1082 626 1237 679 μόσχος
1261 626 1434 666 Graece

124 691 281 731 vitulus
309 690 493 738 dicitur,
525 685 852 738 μοοχεύματαῖ)
879 685 1057 737 quidam
1084 683 1174 723 non
1197 681 1433 721 intellexe-

125 752 229 786 runt
249 744 667 798 esseplantationes,
689 739 996 782 etvitedamina
1010 738 1292 791 interpretati
1315 742 1434 776 sunt:

126 802 203 855 qui
227 813 354 841 error
379 806 468 840 tam
492 800 657 839 multos
683 798 866 838 codices
889 794 1253 848 praeoccupavit,
1289 796 1337 832 ut
1361 791 1436 830 vix

123 857 382 898 inveniatur
403 856 537 896 aliter
565 855 795 907 scriptum.
853 852 913 891 Et
936 856 1086 891 tamen
1104 848 1330 890 sententia
1345 859 1435 886 ma-

124 912 424 953 nifestissima
451 917 541 961 est,
576 911 681 964 quia
704 908 916 949 clarescit
940 906 1321 958 consequentibus
1342 914 1435 942 ver-

123 969 209 1009 bis.
270 967 492 1021 Namque:
528 964 798 1007 adulterinae
825 961 1121 1016 plantationes
1154 974 1241 1000 non
1275 958 1438 998 dabunt

125 1024 293 1065 radices
313 1025 437 1072 altas,
459 1021 801 1063 convenientius
822 1020 1000 1067 dicitur,
1017 1030 1147 1071 quarn
1168 1013 1433 1062 vitulamina,

127 1094 242 1134 quae
260 1080 449 1134 pedibus
468 1080 514 1118 in
531 1084 655 1118 terra
675 1077 942 1130 gradiuntur
955 1105 964 1123 ,
992 1080 1036 1113 et
1055 1086 1143 1112 non
1163 1071 1352 1111 haerent
1367 1081 1434 1108 ra-

127 1136 317 1177 dicibus.
357 1135 487 1174 Hanc
504 1133 847 1173 translationem
867 1131 909 1169 in
931 1142 984 1169 eo
1005 1130 1107 1168 loeo
1129 1130 1264 1168 etiam
1284 1131 1437 1166 cetera

128 1198 343 1232 contexta
362 1190 637 1230 custodiunt.

184 1248 229 1287 C.
250 1247 368 1286 Xffi.
431 1245 518 1286 Sed
548 1244 756 1298 quoniam
786 1250 828 1282 et
859 1253 972 1295 quae
997 1241 1055 1280 sit
1079 1243 1179 1292 ipsa
1196 1237 1434 1283 sententia,

129 1316 258 1356 quam
279 1303 429 1354 plures
447 1303 719 1353 interpretes
739 1311 818 1351 pro
840 1310 921 1337 sua
932 1298 1119 1350 quisque
1137 1293 1354 1334 facultate
1374 1298 1436 1330 at-

129 1371 214 1411 que
234 1358 403 1397 iudicio
425 1362 645 1396 conantur
663 1355 833 1407 eloqui,
870 1366 959 1392 non
978 1352 1187 1403 adparet,
1218 1349 1303 1388 nisi
1320 1350 1366 1387 in
1385 1358 1438 1386 ea

128 1415 285 1467 lingua
308 1413 576 1465 inspiciatur
601 1424 729 1464 quani
766 1410 1142 1460 interpretantur,
1179 1411 1223 1444 et
1246 1404 1436 1456 plerum-

130 1482 215 1523 que
235 1482 260 1508 a
279 1481 414 1508 sensu
434 1467 632 1507 auctoris
653 1466 810 1505 devius
831 1464 1012 1504 aberrat
1028 1463 1266 1513 interpres,
1293 1459 1330 1498 si
1350 1471 1439 1497 non

131 1527 191 1565 sit
210 1524 522 1564 doctissimus:
555 1527 631 1561 aut
648 1522 902 1574 linguarum
921 1519 1114 1567 illarum,
1142 1528 1197 1556 ex
1216 1514 1375 1568 quibus
1394 1515 1438 1553 in

131 1581 341 1621 Latinam
375 1580 598 1632 scriptura
630 1578 855 1630 pervenit,
889 1574 1085 1627 petenda
1119 1571 1321 1624 cognitio
1354 1575 1438 1616 est,

132 1643 209 1677 aut
233 1635 464 1675 habendae
490 1632 891 1685 interpretationes
918 1643 1091 1677 eorum,
1130 1627 1202 1681 qui
1224 1638 1271 1666 se
1293 1625 1440 1678 verbis

133 1693 263 1733 nimis
285 1692 636 1736 obstrinxerunt,
656 1701 744 1727 non
759 1687 862 1740 quia
880 1686 1120 1733 sufficiunt,
1141 1682 1221 1722 sed
1238 1687 1287 1721 ut
1306 1693 1359 1720 ex
1376 1678 1440 1718 eis

131 1749 320 1788 libertas
339 1747 412 1786 vel
428 1757 555 1785 error
574 1745 796 1796 dirigatur
809 1742 848 1789 3)
869 1742 1075 1789 alioruin,
1100 1739 1170 1792 qui
1191 1752 1215 1776 n
1225 1749 1279 1776 on
1298 1735 1440 1788 magis

133 1804 285 1852 verba,
320 1815 449 1855 quani
483 1801 731 1840 sententias
755 1796 1094 1851 interpretando
1127 1793 1251 1846 sequi
1277 1791 1441 1830 malue-

135 1865 251 1899 runt.
312 1858 423 1897 Nam
443 1868 530 1895 non
555 1856 701 1895 solum
718 1854 855 1893 rerba
877 1853 1077 1906 singula,
1111 1850 1190 1889 sed
1215 1848 1349 1887 etiam
1378 1846 1442 1885 lo-

137 1916 342 1954 cutiones
364 1924 497 1965 saepe
516 1909 860 1957 transferuntur,
874 1921 986 1961 quae
1002 1905 1181 1947 omnino
1198 1904 1241 1943 in
1254 1902 1441 1942 Latinae

135 1971 318 2023 linguae
341 1981 490 2016 usum,
522 1969 561 2007 si
585 1966 683 2019 quis
709 1963 1082 2004 consuetudinem
1109 1966 1335 2006 veterum,
1368 1956 1440 2009 qui

185 2112 218 2153 l')
238 2111 340 2142 Rom.
360 2115 391 2148 3,
412 2113 461 2141 15.
480 2115 546 2153 (ex
563 2108 635 2141 Ies.
654 2110 708 2147 59,
727 2108 775 2150 Ἰ.)
825 2109 861 2147 2]
883 2105 969 2149 Sap.
990 2110 1020 2146 4,
1041 2109 1072 2139 3.
1114 2107 1150 2147 3)
1171 2103 1233 2137 Sic
1252 2101 1337 2135 libri
1357 2111 1442 2133 mss.

138 2155 305 2199 plerique
324 2161 360 2189 et
378 2156 560 2189 editiones
579 2165 722 2194 omnes,
758 2154 821 2187 sed
840 2153 997 2186 Bene‹l.:
1032 2151 1169 2186 veritas
1187 2147 1244 2182 vel
1264 2159 1366 2181 error
1384 2148 1442 2179 (ie-

140 2208 302 2247 tegatur,
329 2202 419 2236 illud
441 2213 488 2235 ex
511 2205 544 2234 ll
568 2202 669 2240 Mss„
696 2200 762 2234 hoc
780 2212 827 2234 ex
847 2201 1068 2234 coniectura.
