1503 2465
86 85 167 124 244
446 85 683 125 AURELII
713 85 1032 127 AUGUSTIM

84 180 191 207 vcro
217 180 358 221 genus
385 167 624 208 humanum
652 175 840 223 peccata
865 170 1000 222 longe
1027 177 1350 222 separaverunt
1367 184 1393 211 a

85 223 205 272 Deo,
240 236 320 276 per
338 225 653 273 mediatorem,
690 225 762 278 qui
785 225 908 264 solus
929 226 1023 264 sine
1049 233 1235 276 peccato
1263 234 1391 266 natus

86 286 172 327 est,
207 280 341 327 vixit,
382 281 561 319 occisus
587 287 675 329 est,
715 281 1001 320 reconciliari
1036 294 1116 321 nos
1152 282 1393 334 oportebat

86 334 181 372 Deo
207 347 348 386 usque
376 335 429 374 ad
456 336 601 375 carnis
630 336 1006 375 resurrectionem
1029 337 1071 374 in
1094 339 1225 376 vitam
1247 343 1392 376 aeter-

84 402 202 438 11am3
251 396 300 429 ut
325 388 516 429 humana
536 391 749 443 superbia
774 403 853 444 per
886 390 1180 431 humilitatem
1206 392 1288 431 Dei
1325 405 1391 431 ιιι·-

82 451 298 497 gueretur
331 458 382 484 ac
415 452 673 496 sanaretur,
709 453 754 486 et
786 447 1172 487 demonstraretur
1203 446 1391 495 homini,

82 513 154 552 que
146 513 213 538 ιιιιι
238 500 372 552 lonffe
393 514 418 539 ιι
436 501 533 541 Deo
554 507 827 550 recesserat,
858 515 988 554 quum
1015 515 1094 553 per
1111 505 1262 542 inc1¹rn
1270 510 1390 541 atum

81 555 226 594 Deum
260 562 571 605 rexocarttm,
621 564 664 596 ct
699 558 949 610 exemplum
985 558 1272 597 obedientiae
1311 570 1392 610 ρει·

83 609 306 650 hominem
329 611 473 651 Deum
504 613 753 652 contumaci
790 612 957 652 homini
992 614 1284 665 piwatbeietm
1294 644 1304 661 ‚
1345 618 1391 652 et

80 667 315 719 uniwenito
336 668 610 720 suscipiente
629 668 816 707 foilnani
836 669 974 716 servi,
1013 677 1085 721 qiu
1074 682 1124 707 ue
1151 668 1256 708 nihil
1285 677 1389 708 ante

79 728 328 769 meruerat,
364 722 465 761 fons
485 724 658 776 gratiae
686 724 974 775 panderetur,
1010 731 1053 763 et
1080 724 1224 763 carnis
1253 724 1389 762 etiam

79 778 355 816 resurrectio
384 778 627 831 redemptis
652 780 875 830 promissa
899 780 941 818 in
968 781 1067 831 ipso
1103 781 1388 832 redemptore

79 839 533 885 praemonstraretur,
561 841 606 873 et
625 847 702 886 per
721 834 920 874 eamdem
941 841 1162 883 naturam,
1187 848 1315 887 quum
1338 847 1387 873 se

81 888 316 940 decepisse
336 889 604 938 laetabatur,
622 890 828 929 diabolus
850 892 1118 939 vinceretur,
1138 903 1218 929 nec
1238 895 1388 929 tamen

82 942 214 984 homo
243 944 539 997 gloriaretur,
574 958 627 984 ne
660 946 823 984 iterum
855 946 1067 997 superbia
1099 950 1386 995 nasceretur3

81 1006 126 1038 et
159 1000 193 1038 si
233 999 336 1051 quid
371 1000 492 1039 aliud
529 1000 582 1039 de
614 1006 737 1040 tanto
763 1000 1027 1040 mediatoris
1055 1006 1335 1040 sacramento
1361 1012 1388 1040 a

80 1055 419 1108 proficientibus
434 1055 573 1094 videri
593 1062 637 1095 et
652 1056 741 1095 dici
760 1062 925 1108 potest,
948 1062 1025 1096 aut
1043 1062 1211 1096 tuntum
1228 1056 1386 1106 videri,

80 1111 214 1149 etiam
236 1112 269 1148 si
293 1111 378 1149 dici
402 1125 488 1149 non
509 1116 673 1162 potest.

136 1166 181 1204 C.
206 1166 316 1204 UX.
378 1167 573 1218 Tempus
592 1173 760 1215 autem,
787 1167 906 1219 quod
925 1169 1042 1207 inter
1061 1166 1251 1206 hominis
1269 1179 1387 1206 mor-

78 1226 169 1260 tem
190 1226 233 1259 et
254 1221 451 1260 ultimam
465 1223 843 1262 resurrectionem
860 1223 1174 1275 interpositum
1192 1228 1274 1272 est,
1294 1224 1386 1262 ani-

78 1289 172 1316 mas
193 1277 357 1316 abditis
378 1279 676 1330 receptaculis
701 1281 920 1328 continet,
949 1280 1065 1318 sicut
1091 1290 1384 1331 unaquaeque

81 1332 217 1384 digna
236 1338 304 1371 est
324 1333 394 1371 vel
416 1333 570 1386 requie
597 1334 663 1373 rel
683 1345 913 1383 aerumna,
942 1347 1020 1387 pro
1042 1347 1095 1373 co
1110 1364 1120 1383 ‚
1147 1334 1265 1387 quod
1289 1346 1385 1374 sor-

79 1389 163 1426 tita
181 1394 249 1426 est
267 1388 309 1426 in
330 1401 462 1427 carne
483 1402 615 1440 quum
635 1389 819 1429 viveret.

135 1443 181 1481 C.
210 1443 299 1481 CX.
360 1443 516 1497 Neque
543 1445 792 1498 negandum
820 1451 906 1489 est,
945 1444 1258 1484 defunctorum
1292 1444 1384 1484 ani-

77 1510 173 1537 mas
199 1499 367 1550 pietate
399 1512 580 1538 suorum
614 1501 855 1540 viventium
891 1501 1103 1549 relevari,
1137 1514 1268 1552 quum
1302 1512 1382 1552 pro

77 1554 169 1593 iliis
198 1554 467 1593 sacrificium
493 1555 755 1595 mediatoris
790 1555 1001 1605 offertur,
1036 1557 1102 1595 vel
1132 1556 1383 1609 eleemosy-

78 1621 161 1648 nae
196 1611 240 1648 in
276 1609 472 1649 ecclesia
507 1611 629 1650 fiunt.
691 1611 779 1651 Sed
816 1612 879 1651 eis
915 1610 1026 1651 haec
1062 1616 1273 1663 prosunt,
1307 1612 1382 1663 qui

78 1677 212 1717 quum
231 1665 446 1711 viverent,
466 1672 514 1705 ut
532 1665 642 1705 haec
660 1667 744 1706 sibi
767 1673 923 1719 postea
944 1674 1127 1719 possent
1148 1666 1379 1718 prodesse,

75 1726 348 1760 meruerunt.
416 1721 497 1761 Est
522 1723 637 1761 enim
663 1722 840 1774 quidam
876 1722 1050 1761 vivendi
1081 1722 1259 1770 modus,
1299 1735 1380 1762 nec

75 1780 168 1814 tam
191 1775 355 1823 bonus,
390 1782 439 1815 ut
466 1790 553 1815 non
577 1778 777 1830 requirat
801 1778 886 1817 ista
919 1784 1022 1831 post
1054 1784 1263 1824 mortem,
1297 1790 1379 1817 ncc

76 1836 166 1870 tam
191 1831 353 1879 malus,
380 1837 430 1870 ut
454 1844 542 1870 non
568 1834 606 1872 ei
634 1834 808 1884 prosint
830 1835 918 1873 ista
944 1839 1046 1885 post
1068 1839 1276 1872 mortem:
1311 1839 1381 1872 est

77 1898 186 1925 vero
211 1886 315 1925 talis
341 1887 385 1925 in
406 1886 546 1936 bom),
582 1893 628 1927 ut
650 1888 739 1927 ista
762 1901 848 1928 non
874 1889 1094 1941 requirat,
1130 1894 1174 1927 et
1200 1895 1267 1927 est
1285 1900 1379 1927 rur-

77 1955 152 1981 sus
189 1941 294 1980 talis
328 1943 372 1981 in
396 1942 537 1990 malo,
574 1948 621 1982 ut
645 1955 726 1982 nec
753 1941 820 1982 his
845 1944 1011 1993 valeat,
1047 1957 1177 1996 quum
1214 1956 1268 1982 ex
1296 1942 1379 1982 hac

75 1997 169 2036 wita
193 1997 442 2045 transierit,
477 1998 691 2037 adimari.
755 1999 852 2046 Quo
889 2002 1009 2039 circa
1041 1998 1112 2038 hic
1138 2011 1265 2037 omne
1292 2012 1380 2037 me-

76 2053 211 2091 ritum
236 2065 379 2103 comp
370 2065 418 2091 11
423 2059 522 2091 atur
532 2067 656 2106 ‚quo
682 2055 826 2106 possit
850 2060 952 2107 post
978 2053 1018 2092 ha
1021 2068 1089 2093 mc
1114 2055 1187 2093 ιιῑι
1192 2067 1246 2093 1m
1267 2054 1379 2093 rele-

76 2109 173 2146 vm
196 2108 355 2160 quisph
347 2121 412 2146 ιιιιι
444 2109 547 2146 ul
538 2109 930 2161 g1·;1xz·11i.Nemo
959 2122 1006 2149 sc
1034 2116 1179 2149 nuttm
1213 2117 1376 2160 spen-,et

79 2163 196 2215 quod
218 2162 290 2202 hic
308 2164 578 2217 neglexerit,
609 2177 739 2217 quum
767 2165 954 2214 obierit,
981 2166 1095 2219 apud
1115 2165 1255 2205 Deum
1280 2177 1377 2217 pro-
