1503 2465
244 111 324 151 DE
354 109 659 151 DOCTRINA
692 109 924 150 CHREST.
982 109 1096 150 LIB.
1127 109 1202 151 IV.
1298 111 1376 150 125

66 204 168 237 rate.
231 195 344 235 Post
366 193 479 235 haec
506 195 755 257 intelponit
781 194 1086 234 trimembiem
1117 195 1376 234 circuitum:

58 260 238 307 praeter
254 251 328 291 illa
348 264 455 303 quae
475 250 737 290 eatrinsecus
758 256 878 297 sant,
903 263 1101 290 ancecrszcs
1125 250 1169 290 in
1188 263 1252 290 me
1273 264 1374 303 quo-

64 308 267 356 tidianus,
286 306 527 346 sollzcitndo
549 319 615 345 οη
622 305 736 346 nium
757 305 1046 345 ecclesiarum.
1089 306 1147 346 Et
1166 305 1268 346 huic
1287 306 1375 346 duo

65 364 265 404 membra
293 362 639 416 percontatione
675 362 927 413 subiungit:
977 361 1069 414 quis
1107 361 1375 416 infirmatur,

65 427 108 459 et
132 433 212 473 ego
237 431 324 458 uon
351 416 582 471 infirmor?
613 416 705 471 quis
738 415 1084 467 scandalzzatur,
1111 425 1154 457 et
1179 431 1258 471 ego
1291 431 1378 457 11οη

64 476 198 515 uror?
228 474 465 514 Postremo
490 478 613 513 totus
637 474 725 513 iste
752 474 879 535 quasi
903 471 1120 513 anhelans
1152 473 1281 513 locus
1312 473 1377 512 bi-

63 531 250 570 membii
272 530 464 569 circuitu
484 529 771 568 terminatur:
790 527 829 568 si
842 528 1035 582 gloriari
1052 536 1235 583 oportet,
1254 528 1299 569 in
1319 528 1377 569 eis

66 599 176 639 quae
206 583 477 639 infirmitatis
510 597 628 624 meae
661 591 765 624 sunt
787 584 1032 637 gloriabor.
1103 585 1236 633 Quod
1268 596 1375 625 vero

63 647 169 695 post
200 640 317 680 hunc
349 641 563 704 impetum
595 641 867 693 interposita
899 640 1238 681 narratiuncula
1271 653 1378 694 quo-

65 697 306 738 dammodo
326 696 588 749 requiescit,
608 702 653 736 et
670 696 958 749 lequiescere
980 695 1091 736 facit
1108 696 1378 745 auditorem,

66 753 172 807 quid
201 752 404 801 decoris,
441 752 547 804 quid
572 751 892 791 delectitionis
920 751 1105 802 habeat,
1142 753 1253 793 satis
1289 752 1376 793 dici

65 823 153 848 non
175 814 339 861 potest.
403 806 616 860 Sequitur
638 809 753 847 enim
771 807 944 847 dicens:
964 805 1083 848 Deus
1103 815 1285 861 etpaler
1304 809 1376 849 do-

65 864 173 905 mzm'
190 862 330 904 nostri
346 862 443 904 Iesu
464 862 631 903 Christi
645 862 747 911 scit,
777 863 851 917 qni
869 870 930 903 est
948 863 1192 904 benedictus
1215 864 1259 904 in
1286 878 1376 905 sae-

65 921 181 969 cula,
211 920 326 973 qnod
346 933 430 959 uon
456 918 658 959 mentior.
716 920 778 958 Ac
798 918 960 959 deinde
987 933 1074 974 quo
1102 919 1236 960 modo
1264 920 1378 974 peri-

67 977 249 1016 clitatus
283 974 443 1025 fuerit,
478 980 522 1014 et
555 988 642 1028 quo
678 975 814 1015 modo
849 977 1073 1026 evaserit,
1111 976 1378 1017 brevissime

66 1038 234 1072 narrat.
294 1031 504 1084 Lonffum
531 1037 601 1070 est
630 1037 786 1070 cetera
816 1032 1054 1085 persequi,
1089 1031 1162 1071 vel
1196 1034 1242 1073 in
1276 1033 1379 1073 aliis

67 1096 320 1128 sanctarum
346 1088 667 1140 scripturarum
686 1087 802 1126 locis
822 1087 910 1128 ista
932 1093 1200 1128 monstl··.a1e
1263 1088 1380 1137 Quid

68 1145 105 1183 si
131 1145 265 1183 etiam
284 1144 452 1195 figuras
481 1142 749 1192 locutionis,
775 1155 890 1196 quae
909 1143 990 1183 illa
1015 1150 1111 1183 arte
1129 1144 1380 1194 traduntur,

66 1200 189 1239 ineis
209 1200 384 1246 saltem,
397 1210 510 1251 quw
522 1198 575 1237 de
593 1199 792 1259 2'1postoli
812 1198 994 1252 eloquio
1016 1200 1379 1249 commemoraxi,

69 1255 311 1295 ostendere
338 1254 607 1293 xoluissem!
647 1253 808 1294 Nonne
835 1253 1017 1295 facilius
1052 1268 1159 1307 glaz
1165 1268 1213 1296 es
1242 1255 1381 1296 homi-

67 1325 147 1352 nes
174 1323 244 1350 me
280 1311 483 1358 nimium,
520 1322 650 1362 quam
683 1310 916 1363 quisquam
952 1311 1259 1351 studiosoium
1295 1311 1381 1352 sibi

69 1368 365 1408 sufficientem
390 1366 625 1418 putalent'l
657 1366 783 1405 Haec
809 1367 958 1406 onmia
983 1367 1161 1420 quando
1189 1380 1215 1407 a
1243 1368 1380 1421 masi-

70 1425 176 1463 stris
196 1423 530 1473 docentu1,p1·o
551 1434 591 1461 m
599 1434 715 1474 lgno
739 1420 974 1472 habentur,
993 1435 1157 1476 magno
1177 1430 1383 1463 emuntur

71 1481 236 1533 preti0‚
255 1491 310 1517 111
303 1490 419 1531 lgna
437 1478 683 1517 iactatione
706 1492 729 1515 x
737 1478 974 1518 enduntur.
1015 1478 1157 1543 Quam
1176 1480 1382 1519 iactatio·

74 1548 173 1575 nem
194 1509 356 1574 etiamn
349 1546 435 1587 ego
457 1533 667 1573 redolere
688 1533 978 1583 vereor,dum
998 1535 1087 1574 ista
1105 1535 1169 1574 sic
1190 1536 1382 1575 dissero.

76 1591 164 1631 Sed
191 1591 307 1630 male
333 1589 480 1629 doctis
508 1587 763 1629 hominibus
782 1589 1145 1643 respondendum
1165 1590 1271 1639 fuit,
1310 1592 1385 1644 qui

74 1653 257 1686 nostros
273 1652 484 1685 auctores
501 1645 856 1685 contemnendos
875 1651 1046 1699 putant,
1067 1659 1154 1686 non
1175 1648 1384 1700 quianon

74 1702 256 1749 habent,
285 1701 364 1742 sed
386 1701 491 1753 quia
510 1714 596 1740 non
620 1706 863 1750 ostentant,
889 1714 1019 1754 quam
1040 1703 1172 1743 nimis
1191 1704 1266 1742 isti
1288 1703 1386 1743 dili-

76 1763 205 1812 gunt,
234 1757 554 1810 eloquentiam.
616 1755 704 1796 Sed
733 1755 852 1797 forte
879 1758 977 1810 quis
996 1764 1139 1811 putat,
1159 1764 1385 1812 tamquam

78 1814 367 1875 eloquentem·
384 1818 584 1851 nostrum
605 1812 800 1865 elegisse
819 1826 888 1852 me
911 1814 1167 1876 apostolum
1183 1814 1386 1854 Paulum.

76 1869 272 1910 Videtur
298 1869 416 1907 enim
439 1867 514 1907 ubi
540 1868 602 1907 ait
619 1870 676 1918 ¹).
680 1843 806 1907 0Etsi
827 1868 1052 1922 imperitas
1076 1882 1292 1918 sermone,
1318 1870 1392 1909 sed

77 1939 165 1965 non
188 1924 385 1971 sci'enlza,
424 1924 552 1976 quasi
578 1924 870 1964 concedendo
906 1925 1289 1965 obtrectatoribus
1324 1926 1389 1966 sic

78 1981 275 2028 locutus,
296 1992 381 2018 non
401 1985 625 2031 tamquam
644 1980 688 2019 id
707 1992 860 2019 verum
880 1987 1153 2034 agnosceret
1174 1981 1388 2021 confiten-

82 2037 155 2075 do.
193 2035 237 2075 Si
258 2042 406 2074 autem
428 2034 638 2074 dixisset:
658 2035 892 2087 imperitus
912 2037 1092 2089 quidem
1111 2048 1334 2086 sermone,
1349 2039 1390 2085 2)

134 2168 166 2207 l)
186 2168 206 2196 2
227 2165 310 2197 Cor.
334 2169 382 2202 ll,
401 2167 431 2198 6.
483 2168 520 2209 2)
540 2165 636 2205 „Sic
657 2167 754 2205 Bau„
781 2169 862 2201 Am.
881 2174 917 2202 et
934 2169 1024 2202 Mss.
1053 2167 1126 2202 Sed
1146 2168 1220 2208 Er.‚
1247 2170 1336 2202 Lov.
1355 2177 1392 2204 et

87 2210 184 2243 Cal.:
211 2216 245 2243 et
262 2220 335 2243 non
353 2212 572 2246 addidisset:
598 2216 748 2246 sednon
767 2219 863 2248 etc.“
889 2216 977 2249 Ben.
