1503 2465
126 108 203 149 190
485 106 720 148 AURELII
749 103 1068 146 AUGUSTINI

124 192 231 233 utin
249 191 330 231 illis
349 190 621 230 ambulemus.
653 190 780 229 Tunc
799 201 907 242 ergo
929 189 1145 229 efficimur
1159 199 1262 228 vere
1281 188 1429 238 liberi,

125 246 258 302 quum
278 248 401 286 Deus
421 259 502 285 nos
523 246 664 298 fingit,
684 245 729 284 id
749 250 839 293 est,
857 244 1024 283 format
1042 250 1087 284 et
1107 250 1250 293 creat,
1276 248 1322 282 ut
1342 257 1431 282 non

125 303 346 352 homines,
368 301 486 355 quod
505 302 592 340 iam
612 300 736 348 fecit,
763 301 842 339 sed
863 306 913 339 ut
928 300 1035 340 boni
1053 298 1255 339 homines
1275 299 1430 346 simus,

127 360 247 413 quod
274 370 407 398 nunc
433 357 613 410 gratia
642 368 738 395 sua
762 355 920 404 facit,
946 360 1003 394 ut
1026 355 1187 394 simus
1210 356 1259 394 iv
1282 353 1431 392 Chri-

127 422 210 456 sto
241 415 359 454 lesu
391 424 530 452 nova
561 414 898 460 creatura¹)‚
935 411 1179 450 secundum
1216 409 1335 463 quod
1369 409 1432 448 di-

129 477 247 511 ctum
273 474 359 510 est:
396 467 484 507 Cor
508 467 712 506 mnndum
739 480 837 506 crea
854 465 899 504 in
915 478 999 514 me,
1027 464 1216 515 Dens.2)
1275 464 1433 517 Neque

129 527 245 566 enim
271 537 350 565 cor
374 526 492 572 eius,
526 527 736 576 quantum
763 522 958 574 pertinet
986 521 1042 560 ad
1059 526 1262 560 naturam
1281 520 1433 560 cordis

128 581 332 629 humani,
357 592 445 618 non
469 579 557 617 iam
576 582 809 617 creaverat
827 577 949 616 Deus
971 575 1074 629 [sed
1091 577 1435 616 renovationem

129 640 304 677 animae
322 634 598 674 demorantis
618 633 661 672 in
683 633 819 672 corde
839 630 1059 685 propheta
1076 630 1314 684 postulat}
1329 631 1370 681 3)

186 693 232 731 C.
262 690 448 731 xxxll.
506 689 616 728 Item
651 701 704 727 ne
729 689 965 740 quisquam
988 687 1075 727 etsi
1098 699 1186 726 non
1210 687 1264 726 de
1291 688 1435 740 operi-

128 749 228 797 bus,
242 747 296 787 de
315 747 413 798 ipso
433 745 655 798 glorietur
673 744 816 784 libero
837 743 1026 783 arbitrio
1046 743 1307 791 voluntatis,
1326 749 1438 781 tam-

132 817 264 857 quam
289 803 343 842 ab
369 802 467 855 ipso
495 799 682 852 incipiat
704 799 931 848 meritum,
967 799 1039 838 cui
1064 804 1288 851 tamquam
1314 797 1440 836 debi-

130 865 224 898 tum
254 858 470 897 reddatur
503 856 749 907 praemium
780 854 895 894 bene
933 853 1150 906 operandi
1176 854 1275 905 ipsa
1303 853 1439 892 liber-

131 920 222 963 tas,
250 913 403 953 audiat
427 912 631 950 eumdem
656 910 827 963 gratiae
847 921 1115 962 praeconem
1136 907 1436 956 dicenteniw:

132 969 251 1009 Deus
270 975 333 1009 est
349 967 459 1007 enim
472 997 482 1016 ,
509 965 582 1019 qui
600 973 806 1018 operatur
822 965 867 1004 in
883 964 1000 1004 vobis
1021 972 1063 1004 et
1078 965 1178 1004 velle
1196 971 1238 1004 et
1264 961 1439 1016 operari

125 1039 211 1079 pro
232 1025 342 1065 bona
360 1024 607 1069 ·v0l1mtate;
639 1022 794 1060 etalio
816 1021 918 1060 loco
936 1022 997 1071 5):
1025 1019 1173 1073 Igitur
1191 1033 1275 1059 non
1298 1019 1435 1058 volen-

133 1081 208 1129 tis,
246 1092 381 1132 neque
407 1076 640 1125 currentis,
674 1077 748 1116 sed
780 1075 1017 1116 miserentis
1044 1083 1107 1116 est
1127 1074 1228 1114 Dei.
1293 1075 1438 1122 Quum

131 1136 291 1190 procul
309 1134 461 1182 dubio,
482 1134 516 1172 si
539 1131 671 1171 homo
694 1133 789 1171 eius
809 1134 971 1171 aetatis
990 1137 1073 1179 est,
1096 1137 1141 1171 ut
1159 1133 1332 1170 ratione
1352 1130 1439 1169 iam

131 1198 298 1239 utatur,
318 1203 406 1229 non
426 1189 571 1242 possit
589 1188 789 1235 credere,
810 1199 1007 1239 sperare,
1027 1187 1234 1239 diligere,
1263 1186 1345 1225 uisi
1367 1197 1440 1224 ve-

132 1248 207 1297 lit,
239 1259 322 1286 nec
346 1244 581 1298 pervenire
617 1244 671 1283 ad
707 1243 896 1296 palmam
931 1255 1152 1294 supernae
1186 1242 1439 1281 vocationis

134 1304 244 1351 Dei,
271 1302 358 1341 nisi
386 1300 618 1339 voluntate
647 1299 914 1338 cucurrerit:
948 1297 1175 1350 quomodo
1207 1309 1315 1350 ergo
1352 1310 1441 1335 non

134 1359 350 1405 volentis,
386 1367 531 1408 neque
558 1355 804 1402 currentis,
844 1353 924 1393 sed
952 1353 1207 1393 miserentis
1243 1358 1313 1397 est
1338 1351 1439 1401 Dei,

135 1415 222 1455 nisi
242 1413 347 1466 quia
366 1418 411 1452 et
425 1412 524 1464 ipsa
537 1410 760 1457 voluntas,
780 1410 896 1448 sicut
916 1411 1129 1461 scriptum
1148 1408 1284 1457 estss),
1304 1406 1438 1446 aDeo

135 1468 453 1524 praeparatur!¹
483 1466 691 1518 Alioquin
712 1466 747 1504 si
768 1470 1010 1517 propterea
1031 1465 1196 1504 dictum
1223 1469 1312 1503 est:
1341 1461 1441 1502 Non

135 1524 336 1573 volentis,
366 1535 501 1575 neque
520 1520 752 1567 currentis,
778 1521 852 1559 sed
867 1519 1105 1559 miserentis
1124 1526 1185 1559 est
1203 1517 1309 1566 Dei,
1338 1518 1442 1571 quia

138 1594 193 1621 ex
213 1585 402 1632 utroque
423 1578 487 1626 fit,
506 1577 552 1616 id
573 1582 656 1625 est,
682 1582 726 1615 et
743 1576 974 1614 voluntate
993 1574 1187 1615 hominis
1208 1580 1253 1614 et
1269 1574 1440 1612 miseri-

139 1636 296 1676 cordia
317 1635 426 1683 Dei,
451 1638 501 1672 ut
527 1634 592 1672 sic
616 1632 784 1680 dictum
808 1632 1103 1683 accipiamus:
1134 1643 1221 1669 non
1248 1629 1441 1677 «volentis,

137 1704 272 1744 neque
289 1688 525 1737 currentis,
561 1688 635 1727 sed
650 1686 887 1726 miserentis
907 1694 970 1725 est
986 1685 1093 1733 Dei,
1128 1691 1352 1738 tamquam
1379 1684 1442 1723 di-

139 1752 337 1787 ceretur:
371 1757 458 1783 non
483 1744 647 1782 sufficit
671 1742 771 1781 sola
798 1743 1004 1781 voluntas
1033 1740 1246 1788 hominis,
1281 1741 1319 1779 si
1354 1753 1443 1779 non

138 1804 198 1842 sit
223 1803 356 1840 etiam
383 1798 698 1838 misericordia
714 1798 819 1847 Dei3
853 1810 941 1836 non
967 1810 1074 1850 ergo
1101 1796 1264 1835 suflicit
1283 1801 1327 1835 et
1345 1795 1445 1834 sola.

137 1855 453 1898 misericordia
471 1853 575 1902 Dei,
601 1856 635 1893 si
658 1866 743 1892 non
764 1855 822 1892 sit
847 1853 980 1892 etiam
1000 1852 1206 1892 voluntas
1233 1850 1441 1897 hominis,

138 1926 191 1953 ac
209 1925 288 1966 per
308 1911 414 1959 hoc,
440 1911 476 1949 si
496 1914 618 1948 recte
638 1909 804 1948 dictum
825 1914 912 1947 est:
944 1921 1031 1947 non
1048 1906 1224 1947 volentis
1244 1905 1440 1953 hominis,

140 1969 214 2009 sed
229 1964 465 2007 miserentis
490 1971 552 2004 est
568 1963 674 2012 Dei,
700 1966 805 2017 quia
831 1964 878 2003 id
902 1964 1111 2003 voluntas
1132 1961 1322 2001 hominis
1343 1961 1441 2001 sola

188 2107 220 2148 1)
242 2107 297 2138 Cf.
319 2109 336 2137 2
357 2105 439 2136 Cor.
460 2108 490 2142 5,
512 2106 564 2136 Π.
613 2104 650 2139 2)
674 2104 731 2136 Ps.
751 2106 805 2141 51,
829 2107 877 2135 12.
928 2102 964 2144 3)
985 2103 1064 2134 Hoc
1082 2100 1261 2138 glossema
1280 2102 1381 2132 deest
1404 2101 1439 2132 in

139 2154 325 2185 veteribus
344 2152 429 2183 Ben.
451 2152 537 2183 Mss.
556 2155 589 2182 et
610 2151 712 2191 Lips.
735 2150 773 2181 Β.
795 2150 835 2182 C.
855 2150 901 2182 D.
950 2149 988 2190 4)
1008 2147 1106 2180 Phil.
1126 2152 1156 2186 2,
1181 2152 1229 2180 125.
1282 2150 1317 2188 5)
1339 2147 1433 2177 Rom.

139 2201 171 2237 9,
194 2201 243 2232 16.
291 2200 326 2240 6)
347 2198 454 2230 Prov.
474 2201 504 2235 S,
527 2200 578 2230 35.
597 2208 669 2229 sec.
688 2195 810 2228 LXX,
