1503 2465
251 148 332 189 DE
362 148 663 192 DOCTRINA
698 148 929 191 CHRIST.
989 149 1102 190 Liss.
1135 149 1211 190 IV.
1306 150 1383 190 131

73 239 144 274 est
161 232 249 274 hoc
269 235 462 274 officium
484 235 803 284 deserendum,
828 239 877 274 ut
895 246 1023 283 vera,
1053 236 1255 287 quamvis
1276 234 1388 274 diiii-

75 290 244 330 cillima
269 290 323 329 ad
348 291 714 344 intelligendum,
740 303 853 343 quae
873 291 960 342 ipsi
979 291 1066 329 iam
1086 291 1387 343 percepimus,

75 359 174 385 cum
200 351 560 399 quantocumque
584 347 740 385 labore
766 346 1088 399 disputationis
1118 345 1175 385 ad
1193 346 1388 386 aliorum

74 401 422 455 intelligentiam
448 402 769 455 perducamus,
802 402 840 441 si
873 407 999 441 tenet
1033 402 1287 441 auditorem
1315 402 1388 442 vel

75 457 404 497 collocutorem
429 457 635 497 discendi
653 458 893 509 cupiditas,
920 470 1001 497 nec
1028 459 1190 497 mentis
1211 458 1386 510 capaci-

74 518 144 552 tas
170 512 310 561 desit,
344 526 458 566 quae
485 527 666 566 quoquo
692 513 829 553 modo
864 513 1071 552 intimata
1099 514 1245 565 possit
1268 515 1386 554 acci-

74 580 204 621 pere,
230 581 320 607 non
340 576 524 619 curante
545 569 625 608 illo
655 571 730 622 qui
757 569 912 618 docet,
940 574 1107 623 quanta
1124 570 1388 623 eloquentia

75 624 254 672 doceat,
286 625 366 664 sed
387 630 554 678 quanta
573 625 813 665 evidentia.

131 679 178 719 C.
210 679 263 723 X.
326 680 463 720 Cuius
505 681 760 720 evidentiae
803 680 998 733 diligens
1037 681 1265 734 adpetitus
1307 682 1388 721 ali-

75 735 253 789 quando
273 737 466 789 negligit
486 736 622 776 verba
642 736 850 785 cultiora,
876 748 958 775 nec
977 744 1117 785 curat,
1146 737 1252 789 quid
1268 737 1386 777 bene

74 796 232 839 sonet,
277 792 356 831 sed
394 792 499 845 quid
536 792 651 832 bene
684 791 857 831 indicet
888 797 1021 845 atque
1055 794 1232 833 intimet
1266 793 1389 846 quod

76 846 317 887 ostendere
352 848 560 887 intendit.
620 847 747 887 Unde
783 848 846 887 ait
878 848 1129 900 quidan11)‚
1165 862 1299 902 quum
1330 849 1385 889 de

75 903 155 942 tali
176 915 342 956 genere
363 904 609 943 locutionis
630 909 808 956 ageret,
844 915 944 943 esse
967 905 1011 943 in
1039 916 1091 943 ea
1117 905 1386 957 „quamdam

77 958 340 1012 diligentem
359 959 733 1012 negligentiam.“
791 959 920 999 Haec
937 965 1086 999 tamen
1107 961 1172 1000 sic
1189 960 1388 1001 detrahit

77 1020 301 1064 ornatum,
327 1021 376 1054 ut
393 1015 552 1055 sordes
571 1028 660 1054 non
679 1014 939 1065 contrahat3
970 1017 1171 1068 quamvis
1190 1018 1233 1055 in
1253 1016 1386 1057 bonis

76 1069 343 1110 doctoribus
363 1076 488 1110 tanta
507 1071 697 1110 docendi
721 1083 828 1110 cura
846 1071 904 1110 sit
922 1072 994 1110 vel
1015 1083 1111 1112 esse
1135 1072 1312 1121 debeat,
1337 1079 1388 1113 ut

75 1125 258 1165 verbum
276 1127 415 1179 (quod
441 1127 528 1165 nisi
549 1127 788 1166 obscurum
803 1127 861 1165 sit
879 1127 951 1166 vel
969 1127 1242 1181 ambiguum,
1264 1128 1387 1169 Lati-

75 1194 178 1221 num
204 1194 303 1221 esse
330 1195 419 1221 non
446 1187 616 1235 potest,
650 1182 772 1236 vulgi
800 1188 950 1222 autem
976 1195 1100 1222 more
1120 1184 1184 1224 sic
1205 1184 1385 1233 dicitur,

75 1243 125 1276 ut
141 1237 414 1290 ambiguitas
435 1238 776 1291 obscuritasque
796 1238 983 1288 vitetur)
1003 1251 1092 1278 non
1112 1240 1176 1279 sic
1196 1240 1387 1290 dicatur,

75 1298 125 1331 ut
147 1305 172 1332 a
198 1293 344 1332 doctis
360 1322 371 1341 ,
400 1294 478 1333 sed
505 1295 655 1346 potius
677 1301 723 1334 ut
741 1294 794 1333 ab
815 1294 1013 1334 indoctis
1035 1295 1121 1334 dici
1143 1295 1276 1335 solet.
1341 1297 1389 1335 {Si

77 1349 195 1388 enim
221 1361 308 1387 non
334 1350 479 1402 piguit
502 1350 655 1390 dicere
689 1351 961 1402 interpretes
994 1357 1177 1390 nostros
1193 1353 1254 1402 2):
1288 1349 1389 1391 Non

75 1404 354 1458 congregabo
375 1405 671 1444 conventicula
689 1419 836 1445 eornm
855 1406 904 1445 de
921 1405 1219 1459 sanguinibus,
1249 1420 1388 1460 quon-

75 1460 161 1499 iam
183 1468 421 1499 senserunt
441 1461 496 1500 ad
515 1473 606 1500 rem
625 1462 868 1513 pertinere,
890 1468 939 1501 ut
954 1474 1007 1501 eo
1028 1461 1130 1501 loco
1153 1462 1389 1516 pluraliter

78 1517 388 1555 enuntiaretur
412 1515 496 1556 hoe
524 1529 705 1566 nomen,
730 1517 848 1570 quod
876 1518 918 1556 in
938 1517 1103 1556 Latina
1121 1518 1277 1572 lingua
1293 1526 1388 1558 tan-

76 1572 307 1611 tummodo
328 1573 622 1623 singulariter
641 1572 825 1623 dicitur3
853 1586 932 1612 cur
949 1574 1132 1626 pietatis
1152 1574 1390 1614 doctorem

76 1628 231 1680 pigeat
253 1627 476 1680 imperitis
501 1628 785 1680 loquentem,
822 1642 974 1668 ossum
996 1630 1149 1682 potius
1174 1643 1304 1682 quam
1336 1643 1387 1670 os

81 1682 249 1732 dicere,
269 1695 322 1722 ne
342 1684 430 1722 ista
448 1684 627 1736 syllaba
645 1696 733 1723 non
754 1685 808 1724 ab
829 1697 883 1724 eo
906 1685 1026 1738 quod
1045 1691 1148 1725 sunt
1167 1699 1287 1735 ossa,
1307 1687 1389 1725 sed

80 1739 134 1778 ab
162 1751 215 1777 eo
236 1739 357 1791 quod
376 1746 480 1778 sunt
498 1752 578 1778 ora
595 1740 896 1793 intelligatur,
932 1740 1006 1780 ubi
1027 1741 1160 1780 Afrae
1180 1754 1312 1781 aures
1332 1742 1388 1781 de

79 1796 369 1846 correptione
393 1795 616 1834 vocalium
640 1795 711 1836 vel
737 1796 1036 1849 productione
1055 1810 1143 1836 non
1162 1797 1391 1837 iudicant}

81 1849 220 1897 Quid
259 1852 396 1889 enim
438 1851 667 1902 prodest
713 1851 1015 1891 locutionis
1063 1853 1387 1905 integritas,

79 1917 234 1958 quam
272 1918 371 1944 non
418 1907 668 1959 sequitur
716 1907 1038 1947 intellectus
1084 1909 1389 1958 audientis,

80 1972 236 2015 quum
265 1960 529 2013 loquendi
561 1962 772 2002 omnino
804 1963 957 2002 nulla
987 1966 1061 2003 sit
1093 1977 1309 2014 caussa,
1343 1966 1391 2004 si

80 2016 229 2069 quod
273 2016 542 2069 loquimur
582 2030 684 2057 non
730 2018 1088 2072 intelligunt,
1154 2027 1390 2073 propter

80 2084 211 2124 quos
241 2077 300 2112 ut
329 2072 645 2125 intelligant
676 2073 973 2126 loquimur!¹
1005 2074 1103 2123 Qui
1137 2087 1262 2129 ergo
1297 2075 1389 2115 do·

80 2132 191 2177 cet,
229 2127 430 2167 vitabit
469 2130 647 2168 omnia
677 2130 841 2169 verba
873 2141 1004 2183 quae
1034 2143 1134 2171 non
1167 2131 1388 2181 docent3

129 2248 164 2291 l)
186 2249 263 2282 Cic.
282 2253 373 2282 orat.
393 2260 421 2282 c.
441 2251 496 2289 23,
516 2251 570 2282 78.
622 2253 658 2290 2)
680 2250 742 2284 l’s.
765 2253 814 2289 15,
834 2254 864 2283 4.
885 2262 956 2283 sec.
976 2250 1100 2283 Lxx.

1060 2303 1074 2341 Ι
1093 2304 1117 2342 2
