1503 2465
483 110 977 153 ARGUMENTUM.
1320 123 1382 150 xv

140 201 193 275 321‘.
221 197 339 230 Deum
356 196 460 229 nobis
477 196 532 228 uti
549 206 622 228 non
640 194 682 228 ad
706 205 805 227 suam
822 194 953 237 ipsius,
981 193 1044 226 sed
1063 193 1108 226 ad
1133 196 1297 226 nostram
1315 193 1388 225 uti-

188 244 323 275 itatem.

116 315 123 322 .
141 292 196 322 33.
224 289 416 321 Hominem
436 287 542 320 decet
560 286 704 319 homine
722 286 793 319 frui
811 287 848 319 in
866 286 956 319 Deo.

117 361 124 368 .
145 338 199 368 34.
227 335 414 367 Christum
433 344 513 366 esse
533 334 625 366 viam
643 333 689 366 ad
709 333 827 365 Deum
846 336 1001 375 patrem.

141 383 196 414 35.
225 379 438 423 Scripturae
456 377 648 422 plenitudo
667 382 703 411 et
720 379 803 410 finis
821 390 922 411 amor
940 378 1012 411 Dei
1029 380 1066 410 et
1081 376 1255 419 proximi.

117 453 123 460 .
143 429 198 459 36.
225 425 491 469 lnterpretatio
501 426 708 467 scripturae
718 423 958 463 licetvitiosa,
979 435 1050 456 non
1069 426 1124 455 est
1143 421 1304 453 mendax
1322 429 1390 452 nec

175 473 383 515 perniciose
401 470 542 509 fallax,
572 472 602 503 si
620 470 726 503 modo
745 469 850 502 utilis
868 471 916 502 sit
936 468 1186 502 aedificandae
1206 466 1364 499 caritati.

142 521 194 553 37.
223 519 366 556 Fidem,
385 528 498 560 spem,
514 517 703 550 caritatem
722 527 802 548 esse
821 516 1058 548 fundamenta.
1077 514 1192 546 omnis
1210 512 1388 545 scientiae

171 568 207 597 et
226 564 456 607 prophetiae.

116 637 123 644 .
143 615 196 645 38.
224 611 255 643 A
279 611 349 642 fide
376 609 537 652 pendere
560 619 665 651 spem
696 608 959 646 beatitudinis,
991 607 1030 640 in
1063 616 1132 649 qua
1158 604 1325 648 perfecta
1352 605 1391 635 et

173 661 352 700 perpetua
371 656 517 688 caritas.

116 729 123 736 .
143 705 196 736 39.
228 703 427 736 Cal-itatem
451 702 489 734 in
512 704 663 734 aeterna
685 701 778 739 vita,
802 701 874 733 fide
900 704 936 733 et
955 710 1021 743 spe
1041 697 1291 734 cessantibus,
1316 706 1389 727 non

170 753 404 782 cessaturam.

116 821 122 828 .
143 798 203 828 40.
221 795 276 827 Ad
295 795 415 832 fidem,
436 804 536 836 spem
556 798 593 826 et
611 794 799 826 caritatem
819 794 1061 834 interpretem
1081 792 1230 833 oportet
1245 798 1388 821 omnem

171 840 400 874 intellectum
420 841 625 882 scripturae
645 850 770 873 sacrae
791 839 943 872 referre.

400 907 613 940 LIBER
660 904 1062 940 SECUNDUS.

127 966 204 999 Iam
224 966 267 998 de
284 963 399 1008 signis
416 963 474 997 vel
494 965 537 997 de
555 963 764 998 inventione
780 962 971 1006 signorum
987 963 1010 994 i.
1022 973 1053 994 e.
1067 962 1127 994 ubi
1145 972 1278 998 rerum,
1298 970 1387 1002 quas

80 1014 199 1056 primo
218 1011 314 1044 libro
333 1013 588 1054 proposuerat,
609 1011 723 1051 signa,
750 1010 883 1043 indicia
903 1007 960 1041 vel
979 1008 1312 1040 demonstrationes
1331 1007 1386 1038 in-

79 1059 196 1092 veniri
213 1062 360 1100 queant,
378 1057 488 1089 verba
505 1056 680 1089 facturus.
706 1067 828 1088 eorum
848 1055 1094 1088 definitionem
1116 1058 1152 1086 et
1171 1054 1388 1086 divisionem

80 1105 305 1149 praemittit,
339 1107 376 1136 et
393 1104 490 1135 inter
508 1104 628 1135 onmia
646 1103 748 1142 signa
767 1101 896 1141 verba,
932 1111 1083 1143 quorum
1101 1099 1223 1133 literis
1241 1106 1278 1132 et
1296 1099 1385 1131 scri-

80 1156 189 1195 ptura
205 1151 269 1184 fiat
284 1150 470 1187 iudicium,
488 1149 736 1192 principatum
755 1148 923 1180 obtinere
942 1147 1115 1179 ostendit.
1164 1146 1309 1179 Deinde
1329 1155 1387 1176 ca-

81 1209 174 1231 none
192 1195 367 1229 librorum
388 1195 608 1234 divinorum,
636 1195 693 1237 qui
714 1205 833 1226 rerum
852 1193 1124 1226 tractandarum
1151 1193 1256 1232 signa
1280 1189 1386 1223 exbi-

80 1245 211 1281 beant,
242 1240 388 1285 prolato
407 1252 595 1283 exponere
622 1242 761 1283 pergit,
789 1240 1051 1272 obscuritatem
1070 1242 1106 1271 et
1126 1236 1386 1270 difficultatem

80 1291 179 1331 gigni
196 1287 310 1332 siguis
329 1288 404 1319 sive
423 1286 539 1320 verbis
556 1292 592 1320 et
606 1287 744 1330 ignotis
761 1291 795 1320 ec
815 1285 1011 1329 ambiguis,
1052 1284 1109 1316 Ad
1127 1283 1236 1327 signu.
1253 1283 1388 1326 ignom

79 1335 298 1369 removenda
322 1332 473 1365 multum
500 1333 666 1366 conferre
690 1333 826 1375 partim
851 1331 1057 1372 linguarum
1076 1329 1238 1362 Graecae
1256 1334 1293 1362 et
1313 1329 1386 1360 He-

81 1383 226 1415 braicae
252 1380 513 1421 cognitionem,
539 1380 672 1422 partim
699 1380 943 1421 interpretum
968 1375 1224 1414 collationem,
1250 1375 1385 1418 partim

81 1427 381 1472 praecedentium
407 1428 443 1458 et
469 1426 768 1467 subsequentium
788 1424 1133 1456 considerationem.
1182 1422 1387 1454 Praeterea

80 1485 200 1507 rerum
228 1473 397 1505 notitiam
425 1472 616 1513 variasque
642 1475 739 1503 artes
764 1476 800 1503 et
826 1468 1044 1512 disciplinas
1069 1467 1191 1500 valere
1210 1468 1386 1500 adversus

80 1522 272 1553 verborum
298 1519 538 1560 ignorantiam
564 1521 600 1549 et
625 1518 774 1559 proprie
800 1521 836 1548 et
859 1514 1038 1548 translate
1056 1513 1115 1546 vel
1135 1513 1386 1556 metaphorice

83 1570 352 1609 usurpatorum.
401 1562 687 1606 Superstitionis
704 1561 893 1603 gentilium
911 1562 1095 1594 institutis
1113 1564 1150 1593 et
1168 1561 1309 1592 artibus
1328 1570 1385 1591 ca-

82 1613 227 1653 stigatis
253 1622 377 1644 omnes
402 1621 510 1642 sanas
540 1620 662 1642 eorum
686 1608 814 1641 literas
840 1609 877 1640 in
897 1607 1145 1640 Christianum
1173 1618 1272 1639 usum
1302 1616 1385 1638 con-

80 1659 276 1691 vertendas
300 1667 380 1689 esse
400 1656 516 1688 docet.
567 1658 643 1694 Qun
663 1656 780 1687 animo
798 1664 883 1686 vero
901 1655 1053 1696 quisque
1073 1653 1116 1685 ad
1137 1664 1275 1685 sacram
1295 1652 1386 1683 scri·

83 1711 226 1749 pturam
251 1702 511 1746 explicandam
536 1701 709 1734 accedere
730 1701 877 1739 debeat,
907 1701 1016 1733 initio
1034 1702 1071 1731 et
1090 1699 1159 1731 tine
1178 1697 1262 1731 libri
1283 1696 1384 1730 lucu-

80 1752 202 1784 lenter
220 1749 393 1783 declarat.

85 1812 125 1844 C.
148 1815 178 1844 1.
226 1814 257 1843 2.
282 1809 332 1842 De
346 1808 475 1851 signis.
526 1808 619 1846 Quid
639 1808 687 1840 sit
704 1808 857 1848 signum.
908 1804 1102 1847 Signorum
1121 1802 1195 1836 alia
1219 1813 1298 1835 esse
1324 1813 1386 1834 na-

173 1855 318 1893 turalia,
343 1853 415 1887 alia
434 1855 530 1887 data.

119 1930 126 1937 .
146 1909 177 1937 2.
228 1904 283 1936 De
303 1902 416 1942 signis
436 1901 531 1933 datis
550 1906 584 1933 et
603 1902 699 1933 inter
719 1899 880 1932 homines
899 1902 934 1930 et
952 1897 1050 1940 apud
1065 1896 1216 1929 bestias.

118 1976 125 1983 .
146 1955 178 1984 3.
227 1949 331 1982 Inter
349 1948 466 1979 omnia
482 1948 585 1980 sii-rna
605 1948 850 1989 principatum
869 1945 1036 1977 obtinere
1054 1942 1176 1975 verba.

119 2023 124 2029 .
143 2001 174 2030 4.
222 1995 425 2029 Verborum
445 1994 549 2025 siena
568 2004 645 2025 csse
660 1992 798 2025 litei-RS.

119 2069 125 2076 .
147 2047 178 2076 5.
229 2044 343 2081 Quum
366 2040 457 2071 vitio
486 2040 639 2072 humano
664 2040 785 2072 variae
806 2039 879 2070 sint
895 2035 1059 2077 linguae,
1086 2035 1307 2076 scripturam
1329 2032 1384 2064 di-

174 2090 293 2121 vinam
311 2097 359 2119 ex
377 2086 564 2127 primitixa
584 2087 620 2118 in
637 2086 756 2117 varias
775 2082 988 2116 translatam
1008 2092 1099 2113 esse.

119 2162 126 2168 .
145 2139 172 2169 (i.
225 2135 279 2167 De
303 2132 588 2165 obscuritatibus
616 2132 822 2173 scripturae
848 2141 875 2161 s.
902 2134 938 2161 et
964 2126 1244 2160 similitudinum
1281 2135 1384 2168 prae-

175 2181 321 2215 stantia.

82 796 109 829 ω
83 703 109 736 0
82 612 109 645 ω
82 520 122 552 0
82 290 122 461 πραΰ
81 198 122 232 0

86 2135 112 2169 O
85 1906 112 2077 &000

1231 2233 1246 2243 x
