1503 2465
246 93 326 134 DE
356 93 660 135 DOCTRINA
691 94 921 135 CHRIST.
979 92 1092 133 Llss.
1124 93 1196 134 111.
1294 95 1371 152 105

70 190 151 233 per
176 179 222 218 in
246 191 333 218 uno
363 185 506 219 erunt.
565 179 663 232 lpse
689 184 758 218 est
781 178 943 230 quippe
966 177 1044 217 ille
1073 189 1226 217 servus
1254 191 1372 218 eom·

71 241 345 275 memoratus
379 235 424 274 in
459 234 720 287 evangelio,
758 234 884 273 cuius
910 233 1116 273 dominus
1142 246 1273 286 quum
1299 247 1372 274 ve-

70 291 189 330 nerit
220 290 391 330 dividet
426 302 545 339 eum,
580 295 624 330 et
656 295 828 343 partem
860 289 956 329 eius
989 301 1087 329 cum
1120 288 1371 343 hypocritis

70 352 221 399 ponet.
241 348 278 394 l)

127 402 173 442 C.
193 401 397 440 XXXIII.
458 401 616 441 Tertia
639 401 795 454 regula
818 405 887 440 est
911 400 971 440 de
1002 400 1285 454 promissis
1321 408 1373 441 et

70 457 216 510 lege,
251 470 363 510 quae
400 457 490 496 alio
524 457 657 496 modo
692 457 779 496 dici
815 461 966 508 potest
996 456 1056 496 de
1091 457 1288 509 spiritu
1322 464 1374 496 et

71 513 252 561 litera,
282 515 399 552 sieut
419 525 501 552 nos
517 525 614 552 eam
634 512 972 565 adpellavimus,
993 525 1125 565 quum
1147 513 1200 551 de
1223 511 1372 553 haere

69 568 233 607 librum
253 569 566 608 scriberemus,
610 567 769 607 Potest
788 568 922 607 etiam
941 568 1007 608 sic
1026 568 1131 607 dici:
1153 568 1206 607 de
1226 569 1374 621 gratia

71 630 115 663 et
132 624 355 664 mandato.
414 623 542 663 Haec
562 629 709 663 autem
727 624 869 677 magis
889 622 999 663 mihi
1018 625 1194 664 videtur
1211 636 1375 676 magna.

71 680 277 732 quaestio
298 692 426 732 quam
445 679 617 732 regula,
644 692 756 732 quae
778 679 1008 719 solvendis
1030 679 1371 732 quaestionibus

70 733 323 774 adhibenda
356 740 437 774 est.
496 735 623 775 Haec
656 741 744 784 est,
781 747 910 788 quam
943 748 1030 774 non
1061 735 1370 788 intelligentes

70 790 305 844 Pelagiuni
322 790 393 829 vel
412 791 710 830 condiderunt
730 803 853 830 suam
873 789 1117 840 haeresim,
1142 791 1213 830 vel
1238 803 1370 830 auxe-

69 851 184 885 runt.
246 846 492 886 habui-avit
519 847 562 885 in
590 858 643 886 ea
668 846 957 886 dissolvenda
974 845 1221 886 Tichonius
1240 847 1371 895 bene,

71 901 150 940 sed
180 914 266 940 non
296 902 442 953 plene.
502 901 746 955 Disputans
773 902 889 941 enim
909 902 962 941 de
984 902 1070 942 fide
1092 907 1135 942 et
1159 902 1370 954 operibns

71 969 208 1009 opera
226 957 356 996 nobis
376 956 488 996 dixit
506 957 643 997 aDeo
666 957 761 996 dari
779 958 940 997 merito
962 958 1080 1005 fidei,
1100 958 1241 1010 ipsam
1262 969 1369 996 vero

69 1013 200 1051 fidem
225 1014 290 1051 sic.
314 1025 414 1052 esse
439 1026 465 1051 a
488 1013 639 1062 nobis,
674 1019 723 1052 ut
748 1013 877 1052 nobis
904 1026 991 1053 non
1016 1014 1074 1052 sit
1093 1013 1253 1062 aDeo3
1288 1026 1371 1052 nec

68 1068 272 1107 adtendit
289 1069 544 1119 apostolum
563 1069 857 1119 dicentem2):
894 1068 1222 1123 Paxfratribecs
1242 1076 1283 1108 et
1300 1082 1368 1107 ca-

67 1122 174 1163 ritas
193 1122 386 1177 czcmfide
406 1137 431 1162 a
446 1122 539 1163 Deo
553 1131 681 1176 patre
700 1131 740 1163 et
756 1124 925 1164 domino
945 1124 1042 1164 Iesu
1058 1124 1245 1164 Christo.
1281 1123 1370 1164 Sed

67 1192 156 1218 non
177 1185 273 1218 erut
293 1187 502 1231 expertus
522 1178 634 1219 hane
661 1178 903 1228 haeresim,
938 1192 1050 1233 quae
1077 1188 1233 1220 nostro
1262 1186 1371 1219 tein-

66 1246 175 1286 pore
201 1240 360 1274 exorta
381 1235 564 1274 multum
596 1248 698 1284 nos,
732 1241 781 1274 ut
799 1236 988 1288 gratiam
1007 1236 1112 1285 Dei,
1150 1248 1262 1288 quae
1291 1248 1371 1287 per

66 1290 306 1328 Dominum
342 1295 542 1330 nostrum
575 1291 722 1331 lesum
756 1290 980 1331 Christum
1016 1298 1107 1340 est,
1151 1292 1366 1330 adversus

67 1357 163 1385 eam
184 1344 526 1385 defenderemus
544 1376 554 1394 ‚
582 1347 807 1396 exercuit,
835 1353 880 1386 et
904 1347 1147 1386 seeundum
1175 1347 1218 1386 id
1248 1345 1368 1400 quod

66 1402 129 1440 ait
147 1401 380 1453 apostolus
394 1400 456 1451 3):
494 1398 679 1453 Oportet
694 1401 887 1441 haereses
907 1416 1005 1451 esse,
1027 1402 1263 1455 inprobati
1279 1415 1366 1441 ma-

65 1455 345 1510 wsl’estifiant
368 1455 412 1495 in
438 1457 570 1506 vobis,
597 1458 738 1497 multo
764 1458 1078 1511 vigilantiores
1108 1458 1366 1510 diligentio-

65 1524 227 1564 resque
252 1511 468 1561 reddidit,
503 1518 550 1552 ut
577 1514 912 1553 adverteremus
938 1515 982 1553 in
1008 1515 1244 1566 scripturis
1270 1527 1367 1553 san-

66 1569 170 1615 ctis,
198 1568 317 1619 quod
341 1568 474 1607 istum
493 1567 760 1608 'l'ichonium
785 1571 928 1608 minus
956 1569 1184 1608 adtentum
1205 1571 1366 1608 minus-

67 1637 150 1675 que
171 1624 266 1662 sine
286 1622 415 1663 hoste
437 1623 678 1663 sollicitum
706 1624 840 1677 fugit,
866 1627 998 1664 etiam
1024 1626 1164 1677 ipsum
1194 1625 1369 1664 seilicet

69 1679 199 1718 iidem
221 1679 382 1718 donum
403 1679 524 1719 illius
545 1692 665 1728 esse,
693 1681 766 1733 qui
787 1681 882 1719 eius
902 1694 1152 1720 mensuram
1174 1682 1247 1719 uni
1274 1681 1364 1719 cui-

67 1747 151 1787 que
172 1737 374 1787 pnrtitur.
389 1734 428 1782 ¹)
488 1735 554 1774 Ex
573 1748 657 1788 qua
676 1739 898 1775 sententia
915 1736 1176 1788 quibusdam
1199 1736 1366 1775 dietum

68 1797 136 1829 est
151 1794 208 1839 (Ἲς
246 1789 373 1829 Vobis
392 1791 595 1829 donatum
614 1798 672 1829 es!
686 1804 768 1843 pro
792 1790 980 1839 Christo,
1001 1805 1085 1831 uon
1103 1793 1235 1830 solum
1257 1799 1305 1830 nt
1321 1790 1365 1830 in

66 1859 156 1885 eum
177 1845 374 1894 credatis,
398 1858 539 1885 verum
558 1846 685 1885 eliam
704 1854 747 1885 ul
761 1860 843 1899 pro
865 1861 911 1886 eo
926 1847 1175 1900 patiamini.
1238 1846 1365 1886 Unde

66 1903 163 1954 quis
186 1901 359 1940 dubitet
376 1907 609 1954 utrumque
630 1914 728 1941 esse
750 1902 832 1941 Dei
853 1903 1036 1952 donum,
1066 1904 1137 1955 qui
1170 1903 1365 1942 fideliter

64 1965 197 2008 atque
221 1957 530 2009 intelligenter
552 1958 677 1997 audit
701 1963 934 2010 utrumque
955 1959 1190 1997 donatum!
1229 1958 1366 1997 Plura

63 2020 166 2051 sunt
199 2019 243 2050 et
265 2012 354 2051 alia
377 2013 658 2062 testimonia,
694 2014 852 2066 quibus
880 2014 923 2054 id
949 2014 1213 2054 ostenditur.
1275 2012 1363 2053 Sed

114 2142 402 2183 1)('f.)1at.24‚
422 2149 476 2179 50.
495 2159 522 2180 s.
565 2147 601 2187 2)
621 2145 712 2190 Eph.
733 2148 762 2186 6,
780 2149 833 2181 23.
875 2150 912 2190 3)
937 2152 946 2180 l
972 2146 1053 2180 Cor.
1077 2150 1127 2185 ll,
1149 2149 1198 2180 19.
1248 2148 1284 2190 4)
1305 2146 1362 2179 Cf.

62 2189 164 2222 Rom.
186 2194 237 2227 12,
256 2193 286 2224 3.
335 2194 370 2235 5)
390 2193 489 2226 l'hil.
512 2199 541 2233 1,
561 2198 615 2228 29.
