1503 2465
127 92 206 133 238
513 86 748 128 AURELII
779 83 1096 127 AUGUS'I'NII

185 176 232 215 C.
254 175 301 214 C.
363 173 490 213 Haec
516 177 619 211 sunt
642 183 805 223 magna
830 182 960 222 opera
986 167 1193 217 Domini,
1226 172 1439 220 exqmsaera

126 232 173 272 in
193 243 334 272 omnes
356 231 591 268 voluntates
610 227 697 267 eins
713 230 720 253 ¹
737 232 766 275 )‚
789 231 833 265 et
850 232 939 264 tam
954 226 1182 277 sapienter
1196 223 1437 276 exquisita,

128 293 178 327 ut
202 299 334 341 quum
361 284 568 337 angelica
593 290 639 322 et
663 282 855 321 humana
882 287 1088 320 creatura
1107 284 1361 332 peccasset,
1391 277 1439 316 id

130 349 220 392 est,
255 354 341 381 non
362 340 483 393 quod
500 340 593 388 ille,
620 340 699 378 sed
719 337 836 390 quod
859 336 1000 374 voluit
1019 335 1116 387 ipsa
1137 334 1346 381 fecisset,
1373 338 1436 371 et-

128 399 217 438 iam
241 409 321 451 per
346 395 546 435 eamdem
574 399 810 433 creaturae
834 391 1132 439 voluntatem,
1162 401 1248 442 qua
1270 388 1438 427 factum

131 460 214 504 est,
242 453 360 506 quod
389 456 568 490 creator
593 449 760 497 noluit,
792 447 1001 499 impleret
1024 448 1119 499 ipse
1140 444 1259 498 quod
1281 443 1438 492 voluit,

127 510 244 550 bene
270 514 399 547 utens
428 512 472 546 et
497 505 646 554 malis,
674 510 901 556 tamquam
929 513 1097 541 summe
1124 501 1269 539 bonus
1291 498 1342 538 ad
1365 511 1438 538 eo—

128 577 226 605 rum
248 564 591 609 damnationem,
615 572 728 613 quos
749 560 866 598 iuste.
886 556 1240 611 praedestinavit
1259 555 1312 593 ac]
1332 566 1439 606 poe-

129 634 252 668 nam,
280 624 324 658 et
347 619 402 658 ad
428 629 582 657 eorum
602 616 815 662 salutem,
845 626 958 666 quos
976 612 1171 664 benigne
1189 610 1438 660 praedesti-

129 678 253 717 navit
273 674 326 714 ad
346 673 550 727 gratiam.
565 673 606 721 2)
654 671 878 719 Quantum
900 669 1015 708 enim
1036 668 1089 706 ad
1108 668 1233 719 ipsos
1253 665 1441 713 adtinet,

131 732 251 786 quod
272 730 394 769 Deus
418 728 575 776 noluit,
597 726 822 774 fecerunt3
855 729 1067 778 quantum
1092 734 1199 761 vero
1227 721 1281 760 ad
1302 720 1441 760 omni-

130 787 380 842 potentiam
415 784 521 833 Dei,
570 783 694 821 nullo
727 781 862 820 modo
896 779 943 818 id
977 780 1154 818 efficere
1188 776 1439 816 valuerunt.

131 844 233 883 Hoc
260 844 421 895 quippe
447 841 570 892 ipso,
609 837 728 891 quod
755 841 912 876 eontra
932 835 1210 874 voluntatem
1236 831 1443 871 fecerunt

133 900 252 947 eius,
287 898 341 937 de
374 897 484 949 ipsis
526 894 647 933 facta
680 898 749 932 est
781 891 988 931 voluntas
1021 891 1130 930 eius.
1193 887 1444 940 Propterea

132 965 324 1006 namque
366 964 530 1005 magna
569 961 701 1002 opera
735 945 932 994 Domini,
977 944 1190 997 exquisita
1220 943 1266 982 in
1298 954 1442 982 omnes

133 1011 373 1050 voluntates
399 1006 513 1053 eins,
544 1012 592 1044 ut
618 1005 730 1043 miro
764 1008 809 1042 et
836 1000 1060 1042 ineffabili
1086 999 1220 1039 modo
1248 1011 1334 1038 non
1363 997 1441 1036 fiat

133 1072 315 1119 praeter
335 1064 430 1102 eius
449 1062 748 1107 voluntatem,
783 1058 901 1110 quod
927 1058 1061 1096 etiam
1089 1060 1246 1095 contra
1272 1054 1368 1093 eius
1393 1053 1442 1090 fit

134 1121 435 1168 voluntatemg
469 1117 572 1170 quia
590 1129 677 1155 non
699 1115 846 1162 fieret,
877 1113 914 1151 si
939 1125 1027 1151 non
1049 1112 1219 1150 sineret
1238 1114 1340 1159 (nec
1359 1109 1441 1147 uti-

137 1189 222 1230 que
242 1175 400 1215 nolens
420 1174 540 1221 sinit,
564 1171 643 1210 sed
660 1170 859 1219 volens);
892 1180 974 1207 nec
993 1167 1162 1206 sineret
1179 1167 1323 1205 bonus
1346 1163 1443 1202 fieri

136 1233 268 1280 male,
289 1231 372 1270 nisi
396 1228 677 1280 omnipotens
698 1232 742 1265 et
761 1226 815 1265 de
835 1224 952 1263 malo
972 1222 1122 1262 facere
1141 1226 1297 1274 posset
1312 1220 1443 1258 bene.

195 1288 240 1326 C.
263 1286 330 1325 (31.
372 1283 622 1337 Aliquando
642 1287 790 1321 autem
807 1280 926 1319 bona
946 1279 1175 1318 voluntate
1196 1275 1328 1315 homo
1352 1274 1445 1313 vult

138 1343 330 1396 aliquid,
367 1340 486 1394 quod
505 1339 627 1377 Deus
648 1349 734 1376 non
753 1336 865 1383 vult,
897 1335 1029 1374 etiam
1051 1335 1147 1387 ipse
1166 1332 1285 1371 bona
1302 1327 1442 1370 multo

140 1399 330 1451 amplius
350 1396 580 1447 multoque
601 1393 767 1433 certius
786 1391 1017 1431 voluntate
1037 1390 1157 1437 (nam
1181 1387 1303 1426 illius
1328 1385 1447 1425 mala

138 1455 348 1494 voluntas
375 1463 474 1491 esse
502 1461 737 1501 numquam
768 1448 957 1500 potest):
990 1454 1214 1496 tamquam
1241 1444 1278 1482 si
1301 1441 1445 1481 bonus

144 1511 262 1549 filius
281 1514 453 1561 patrem
473 1505 583 1545 velit
598 1505 765 1551 vive-re,
787 1514 915 1555 quem
933 1500 1055 1541 Deus
1073 1500 1193 1538 bona
1214 1497 1445 1536 voluntate

142 1566 238 1605 vult
258 1564 386 1604 mori.
448 1562 504 1601 Et
521 1572 673 1600 rursus
695 1559 789 1598 fieri
809 1561 982 1610 potest,
1017 1560 1064 1594 ut
1084 1553 1169 1593 hoc
1188 1552 1297 1592 velit
1313 1550 1446 1590 homo

143 1621 374 1660 voluntate
392 1617 524 1665 mala,
544 1615 663 1669 quod
681 1614 803 1653 Deus
823 1613 917 1652 vult
936 1611 1076 1651 bona:
1112 1609 1233 1648 velut
1250 1609 1287 1647 si
1305 1606 1448 1646 malus

146 1677 263 1716 filius
283 1675 392 1714 velit
408 1673 522 1712 mori
544 1676 727 1725 patrem,
746 1668 856 1708 velit
873 1666 959 1707 hoc
981 1667 1114 1705 otiam
1130 1665 1270 1704 Deus.
1317 1662 1448 1702 Nem-

146 1744 199 1786 pe
228 1732 307 1771 ille
333 1729 445 1777 vult,
483 1727 603 1780 quod
628 1738 714 1765 non
740 1724 834 1763 vult
852 1723 997 1770 Deus,
1033 1722 1120 1760 iste
1146 1731 1251 1758 vero
1274 1717 1320 1757 id
1338 1717 1448 1763 vult,

147 1788 267 1840 quod
300 1789 393 1824 vult
425 1788 470 1823 et
493 1783 637 1830 Deus3
681 1785 725 1819 et
759 1785 908 1818 tamen
940 1779 1085 1817 bonae
1110 1775 1196 1815 Dei
1227 1774 1451 1813 voluntati

146 1844 291 1896 pietas
310 1841 433 1879 illius
454 1838 601 1891 potius
624 1840 856 1882 consonat,
877 1832 1077 1886 quamvis
1098 1830 1218 1870 aliud
1239 1828 1449 1875 volentis,

148 1910 278 1952 quam
304 1895 434 1935 huius
461 1893 577 1933 idem
601 1892 794 1931 volentis
817 1891 1039 1942 impietas.
1099 1887 1290 1925 Tantum
1315 1885 1450 1923 inter-

149 1958 237 2001 est,
274 1951 378 2004 qnid
405 1949 520 1989 velle
544 1946 736 1994 homini,
772 1945 877 1998 quid
901 1945 999 1984 Deo
1035 1946 1280 1994 congruat,
1319 1945 1362 1979 et
1395 1937 1451 1977 ad

149 2021 278 2062 quem
302 2009 431 2046 finem
450 2017 573 2044 suam
594 2003 781 2055 quisque.
800 2000 971 2040 referat
988 1998 1281 2044 voluntatem,
1309 2001 1357 2033 ut
1376 1998 1451 2032 aut
1502 2034 1503 2044 ἵ

149 2065 425 2116 adprobetur
457 2066 533 2100 aut
564 2059 856 2111 improbetur.
931 2054 1043 2095 Nam
1079 2053 1199 2092 Deus
1237 2050 1450 2104 quasdam

199 2188 231 2225 l)
253 2183 312 2214 Ps.
334 2185 407 2220 110,
426 2186 456 2215 2.
476 2191 547 2214 sec.
568 2179 691 2212 Lxx.
742 2183 777 2222 2)
799 2178 858 2212 Cf.
879 2177 971 2219 Aug.
991 2177 1034 2209 de
1054 2176 1121 2209 civ.
1143 2174 1200 2207 dei
1224 2175 1274 2210 Η,
1292 2173 1343 2204 2¹1.
