1503 2465
151 105 205 145 76
515 107 753 148 AURELlI
785 108 1105 150 AUGUSTINI

151 202 272 239 rum,
302 191 376 243 qui
400 189 568 243 paseha
590 191 672 231 illo
695 198 899 244 tempore
923 206 1004 246 per
1022 194 1281 233 umbrarum
1302 193 1463 247 imagi·

150 247 281 285 naria
315 246 628 296 celebrabant,
678 260 808 300 quum
844 250 1018 301 signari
1053 255 1208 302 postes
1240 251 1461 301 sanguine

151 302 257 354 agni
278 302 558 352 iuberentur,
578 301 778 355 hyssopo
798 302 937 343 fuisse
959 305 1178 356 signatos.
1206 306 1245 352 ¹)
1305 305 1462 344 Herba

149 354 263 396 haec
282 358 404 396 mitis
427 363 472 397 et
488 356 671 396 humilis
690 366 777 408 est,
808 366 852 398 et
870 358 983 398 nihil
1004 361 1170 399 fortius
1190 366 1235 399 et
1253 366 1459 411 penetra-

148 412 285 451 bilius
310 414 406 453 eius
431 413 683 463 radicibus,
712 420 761 453 ut
783 415 830 453 in
855 416 1046 455 caritate
1076 415 1268 454 radicati
1298 421 1342 455 et
1362 414 1459 455 fun-

149 467 244 507 dati
263 469 488 521 possimus
511 467 896 521 comprehendere
918 483 1014 510 cum
1038 471 1245 511 omnibus
1274 472 1458 520 sanctis,

150 536 263 576 quae
290 525 350 563 sit
378 524 570 564 latitudo
597 530 642 564 et
666 525 904 578 longitudo
926 533 970 569 et
993 527 1188 566 altitudo
1214 533 1258 566 et
1276 525 1458 578 profun-

147 580 250 618 dum
273 581 336 628 2),
364 580 410 618 id
429 586 510 629 est,
542 593 720 619 crucem
741 582 947 621 Domini:
989 584 1115 622 cuius
1133 582 1328 622 latitudo
1349 581 1458 621 dici-

146 636 278 674 turin
301 641 561 675 transverso
583 636 721 689 ligno,
737 649 823 689 quo
849 638 1152 678 extenduntur
1170 650 1342 686 manus,
1362 637 1458 676 lon-

147 690 305 742 gitudo
327 703 352 729 a
369 697 493 730 terra
509 704 649 744 usque
666 693 722 731 ad
739 693 883 745 ipsam
902 693 1203 743 latitudinem,
1219 705 1306 746 quo
1322 705 1349 732 a
1365 705 1457 732 ma-

147 746 278 785 nibus
300 752 345 785 et
362 745 482 785 infra
501 753 644 787 totum
665 760 826 800 corpus
848 748 1075 801 adfigitur,
1097 749 1292 789 altitudo
1313 761 1338 787 a
1356 748 1456 787 lati-

148 802 301 840 tudine
321 815 495 841 sursum
514 815 654 856 usque
667 803 723 842 ad
735 817 967 854 summum,
982 805 1056 845 cui
1074 803 1294 844 adhaeret
1307 810 1454 856 caput,

146 856 418 909 profundum
448 871 557 897 vero
593 859 713 912 quod
744 864 896 900 terrae
929 860 1115 900 infixum
1144 860 1454 900 absconditur.

148 913 247 961 Quo
267 914 399 966 signo
420 916 566 953 crucis
588 915 731 953 omnis
749 915 868 955 aetio
887 914 1146 956 Christiana
1165 915 1452 963 describitur,

145 968 258 1008 bene
289 970 471 1021 operari
495 970 542 1008 in
569 969 773 1020 Christo,
803 977 847 1010 et
868 972 910 1011 ei
936 977 1283 1024 perseveranter
1299 969 1454 1010 inhae-

146 1036 270 1073 rere,
299 1037 485 1076 sperare
506 1025 747 1074 coelestia,
776 1034 1062 1067 sacramenta
1083 1039 1173 1066 non
1192 1025 1454 1079 profanare.

145 1079 235 1119 Per
267 1078 381 1119 hanc
417 1081 643 1120 actionem
678 1083 859 1134 purgati
888 1082 1139 1122 valebimus
1173 1094 1454 1134 cognoscere

146 1136 281 1175 etiam
293 1136 704 1188 supereminentem
720 1139 939 1177 scientiae
956 1140 1192 1178 caritatem
1209 1138 1250 1189 3)
1270 1136 1453 1186 Christi,

144 1204 260 1244 quae
288 1192 492 1244 aequalis
512 1198 580 1231 est
604 1193 744 1244 patri,
773 1205 854 1245 per
873 1206 1001 1246 quem
1025 1193 1147 1234 faeta
1164 1199 1267 1233 sunt
1287 1193 1453 1241 omnia,

142 1253 192 1286 ut
215 1247 485 1300 impleamur
512 1247 559 1286 in
585 1260 761 1287 omnem
789 1249 1117 1300 plenitudinem
1143 1249 1244 1289 Dei.
1278 1249 1320 1298 4)
1376 1249 1456 1287 Est

145 1303 280 1342 etiam
301 1304 347 1341 in
368 1302 568 1355 hyssopo
587 1305 653 1342 vis
678 1305 957 1356 purgatoria,
978 1319 1033 1344 ne
1052 1304 1240 1344 inflante
1261 1304 1455 1344 scientia

144 1358 197 1397 dc
217 1359 389 1398 divitiis
410 1359 463 1397 ab
482 1360 688 1412 Aegypto
708 1360 872 1399 ablatis
895 1361 1087 1413 superbe
1109 1360 1280 1413 aliquid
1301 1359 1451 1412 pulmo

142 1414 338 1453 tumidus
358 1412 552 1454 anhelet.
589 1415 830 1467 Adsperges
849 1428 926 1464 me,
950 1418 1097 1469 inquit
1118 1417 1173 1465 ⁵),
1195 1416 1391 1468 hyssopo,
1413 1420 1456 1453 et

142 1470 408 1517 mundabam
432 1469 593 1510 lavabis
611 1484 674 1509 me
700 1478 742 1510 et
761 1483 888 1523 snper
910 1471 1047 1511 nivem
1076 1471 1321 1511 dealbabor.
1364 1469 1451 1508 Aa·

142 1525 253 1564 dimi
277 1539 367 1564 meo
399 1525 517 1564 dabis
551 1526 880 1565 e.z·saltatz0nem
913 1534 955 1566 et
983 1526 1212 1566 laetitiam.
1274 1525 1451 1566 Deinde

142 1586 476 1634 consequenter
512 1581 736 1630 adnectit,
768 1587 818 1621 ut
847 1583 1059 1622 ostendat
1082 1583 1397 1635 purgationem
1426 1593 1453 1619 a

141 1637 355 1688 superbia
372 1636 622 1690 significari
642 1635 863 1690 hyssopo:
903 1645 946 1678 et
965 1638 1241 1678 exsultabunt
1260 1650 1355 1676 ossa
1372 1636 1448 1675 Ιιῑι-

139 1691 324 1731 milicem.

196 1749 244 1788 C.
263 1747 387 1787 XLII
454 1748 680 1796 Quantum
700 1753 849 1788 autem
869 1750 1019 1789 minor
1037 1755 1105 1789 est
1123 1749 1240 1797 auri,
1270 1747 1452 1801 argenti

139 1803 369 1856 vestisque
395 1804 548 1856 copia,
576 1816 706 1855 quam
732 1804 785 1843 de
803 1805 1011 1857 Aegypto
1040 1817 1191 1844 secum
1211 1804 1289 1843 ille
1311 1816 1448 1856 popu-

137 1859 207 1898 lus
228 1860 424 1907 abstulit,
437 1860 483 1898 in
502 1860 845 1910 comparatione
866 1860 1137 1909 divitiarum,
1160 1872 1269 1912 quas
1292 1866 1451 1911 postea

137 1915 450 1967 ierosolymae
476 1921 746 1953 consecutus
774 1921 862 1964 est,
896 1928 1010 1968 quae
1032 1916 1227 1955 maxime
1250 1916 1297 1953 in
1321 1914 1449 1954 Salo-

136 1983 272 2010 mone
301 1983 408 2023 rege
431 1969 730 2009 ostenduntur
754 1970 809 2019 6),
842 1976 969 2010 tanta
987 1971 1036 2010 fit
1055 1977 1217 2011 cuncta
1238 1970 1447 2017 scientia,

183 2107 217 2149 1)
240 2107 296 2140 Cf.
316 2107 437 2140 Exod.
459 2112 510 2147 12,
528 2110 582 2140 22.
618 2109 656 2145 2)
676 2107 721 2141 V.
742 2106 835 2151 Eph.
855 2111 885 2146 3,
907 2112 959 2142 18.
994 2108 1051 2142 Cf.
1071 2108 1224 2150 August.
1246 2120 1301 2152 ep.
1320 2112 1374 2146 55,
1393 2111 1447 2141 25.

135 2153 172 2194 3)
196 2153 286 2192 Am„
310 2155 381 2191 Eu,
409 2153 487 2185 Cal.
508 2159 544 2187 et
562 2154 667 2187 codd.
688 2154 807 2196 Lips.:
834 2154 1033 2187 scientiam
1051 2154 1239 2188 caritatis.
1289 2158 1326 2193 4)
1351 2154 1446 2198 Eph-

136 2202 167 2238 3,
188 2203 241 2234 19.
291 2204 327 2243 5)
347 2202 409 2233 l's.
431 2205 484 2239 50,
503 2204 534 2234 ξ).
554 2212 581 2232 s.
602 2212 670 2234 sec.
690 2199 813 2232 LXX.
863 2203 899 2244 6)
921 2201 979 2233 Cf.
1003 2204 1019 2233 1
1038 2201 1127 2242 Reg.
1147 2204 1200 2239 10,
1219 2204 1271 2233 23.
1294 2212 1340 2233 ss.
