1503 2465
233 93 314 133 DE
344 93 655 136 DOC'rRlNA
687 96 919 138 CHRIST.
981 97 1094 139 Llss.
1126 99 1201 141 111.
1322 101 1372 141 83

61 177 197 218 aliam
235 179 633 231 significationem:
683 181 763 220 sed
803 183 843 221 si
882 182 1115 223 sabbatum
1158 184 1369 235 audierit,

60 233 186 274 verbi
207 235 368 287 gratia,
387 248 476 273 non
494 235 711 289 intelligit
729 237 815 276 nisi
833 239 1095 279 unumdiem
1107 240 1160 280 de
1180 248 1370 294 septem,

60 289 136 342 qui
156 291 368 329 continuo
388 291 613 330 volumine
634 298 919 344 repetuntur3
954 300 998 334 et
1015 308 1148 348 quum
1172 297 1371 337 audierit

56 345 343 394 sacrificium,
372 358 460 385 non
480 348 659 387 excedit
678 349 957 401 cogitatione
976 351 1104 402 illud,
1130 353 1251 405 quod
1270 354 1370 393 fieri

57 399 113 440 de
130 400 323 440 victimis
341 413 555 453 pecorum
575 404 859 458 terrenisque
879 404 1100 447 fructibus
1120 408 1253 448 solet.
1303 410 1370 449 Ea

54 456 233 495 demum
261 462 331 496 est
354 458 626 498 miserabilis
659 460 833 500 animae
869 464 1086 512 servitus,
1122 464 1252 517 signa
1287 478 1366 518 pro

52 511 188 551 rebus
215 513 444 564 accipere,
477 519 522 553 et
545 527 681 568 supra
707 521 958 556 creaturam
978 531 1242 571 corpoream
1263 534 1366 560 ocu-

50 567 142 607 lum
165 568 329 608 mentis
357 569 413 608 ad
440 567 736 611 hauriendum
762 578 994 613 aeternum
1030 574 1179 615 lumen
1213 577 1366 616 levare

51 636 139 663 non
158 636 308 676 posse.

108 679 154 717 C.
187 678 260 719 Vl.
332 679 457 728 Quae
493 686 643 721 tamen
679 683 873 723 servitus
907 686 952 724 in
986 685 1154 726 Iudaeo
1197 688 1365 741 populo

50 734 188 787 longe
217 748 242 774 a
268 741 518 776 ceterarum
546 739 749 791 gentium
771 752 896 779 more
921 741 1140 792 distabat,
1187 745 1366 796 quando

53 791 236 843 quidem
281 792 416 831 rebus
466 794 794 846 temporalibus
839 796 904 834 ita
945 797 1175 851 subiugati
1222 807 1366 848 erant,

51 852 100 886 ut
125 860 238 886 unus
274 848 338 886 eis
374 848 419 887 in
452 850 657 890 omnibus
691 851 1084 893 commendaretur
1110 854 1249 895 Deus.
1312 856 1367 895 Et

53 915 319 955 quamquam
345 904 475 956 signa
498 917 645 944 rerum
670 907 941 958 spiritalium
975 921 1056 961 pro
1092 910 1202 964 ipsis
1231 911 1365 950 rebus

53 958 370 1007 observarent,
410 961 664 1001 nescientes
690 975 777 1015 quo
803 962 1104 1015 referrentur,
1143 967 1183 1006 id
1216 973 1364 1006 tamen

51 1011 235 1053 insitum
270 1012 515 1064 habebant,
553 1017 673 1070 quod
696 1018 777 1056 tali
804 1020 1022 1059 servitute
1052 1023 1125 1061 uni
1152 1025 1365 1072 omnium,

52 1082 182 1122 quem
203 1084 290 1109 non
311 1071 533 1121 videbant,
554 1073 785 1125 placerent
802 1074 917 1115 Deo.
953 1076 1094 1124 Quam
1116 1078 1368 1118 custodiam

50 1130 276 1178 tamquam
304 1127 384 1165 sub
413 1129 682 1182 paedagogo
719 1131 1006 1182 parvulorum
1033 1132 1175 1172 fuisse
1209 1135 1368 1174 scribit

51 1182 302 1233 apostoluS.
321 1183 356 1229 ¹)
416 1183 472 1222 Et
490 1184 594 1224 ideo
615 1185 688 1237 qui
716 1186 881 1226 talibus
906 1188 1048 1240 signis
1073 1191 1367 1242 pertinaciter

50 1235 365 1287 inhaeserunt,
405 1247 764 1280 contemnentem
797 1243 886 1282 ista
918 1242 1186 1294 Dominum,
1232 1259 1366 1298 quum

50 1292 137 1331 iam
164 1299 340 1345 tempus
369 1295 664 1336 revelationis
692 1310 846 1337 eorum
871 1299 1089 1350 venisset,
1126 1300 1246 1341 ferre
1274 1316 1367 1342 non

49 1353 317 1400 potuerunt3
352 1355 485 1403 atque
505 1352 608 1391 inde
629 1352 899 1403 calumnias,
931 1356 1051 1407 quod
1076 1356 1265 1396 sabbato
1292 1371 1365 1397 cu-

48 1410 193 1454 raret,
229 1406 372 1445 moliti
408 1413 510 1445 sunt
545 1408 770 1461 principes
804 1413 1035 1461 eoi·u1n²)‚
1079 1413 1363 1465 populusque

47 1460 191 1513 signis
222 1461 312 1501 illis
337 1468 562 1514 tamquam
590 1464 724 1503 rebus
753 1465 996 1506 adstrictus
1026 1480 1112 1506 non
1148 1469 1363 1510 credebat

46 1514 192 1555 Deum
213 1529 337 1565 esse,
363 1518 434 1556 vel
455 1531 480 1558 a
502 1518 597 1558 Deo
619 1521 798 1559 venisse
814 1521 878 1570 3),
907 1523 979 1574 qni
1001 1534 1076 1569 ea,
1107 1524 1226 1564 sieut
1249 1538 1273 1564 a
1293 1526 1360 1565 lu-

46 1570 171 1612 daeis
194 1573 563 1624 observabantur,
585 1575 727 1615 nollet
745 1576 1004 1617 adtendere.
1055 1578 1142 1618 Sed
1164 1581 1235 1632 qui
1266 1594 1360 1621 cre-

42 1627 274 1678 diderunt,
303 1642 358 1669 ex
384 1629 543 1682 quibus
568 1629 690 1670 facta
717 1638 786 1671 est
806 1634 946 1684 prima
966 1634 1161 1675 ecclesia
1179 1636 1355 1677 leroso-

41 1683 276 1736 lymitana,
297 1685 406 1725 satis
429 1686 738 1736 ostenderunt,
764 1694 928 1740 quanta
946 1690 1118 1730 utilitas
1137 1690 1277 1732 fuerit
1298 1706 1352 1733 eo

40 1739 176 1778 modo
196 1742 277 1780 sub
297 1742 563 1794 paedagogo
584 1743 822 1792 custodiri,
857 1751 905 1783 ut
924 1747 1075 1797 signa,
1113 1760 1225 1800 quae
1244 1755 1354 1788 tem-

38 1795 490 1848 poraliterimposita
519 1802 647 1837 erant
671 1800 995 1850 servientibus,
1031 1802 1085 1840 ad
1117 1804 1246 1842 unius
1266 1805 1351 1844 Dei

40 1850 223 1899 cultum,
241 1853 313 1904 qui
334 1853 445 1892 fecit
464 1853 639 1892 coelum
661 1860 705 1893 et
721 1859 903 1905 terram,
921 1857 1178 1909 opinionem
1199 1860 1352 1899 obser-

38 1908 238 1946 vantium
267 1908 529 1959 religarent.
591 1909 792 1963 Namque
817 1911 883 1950 illi
912 1913 1015 1964 quia
1038 1915 1229 1965 proximi
1265 1917 1351 1967 spi-

36 1962 247 2002 ritalibus
271 1962 454 2003 fuerunt
481 1965 542 2011 (in
570 1965 678 2016 ipsis
704 1967 819 2005 enim
844 1970 1170 2020 temporalibus
1192 1977 1235 2010 et
1255 1984 1348 2009 car-

37 2017 216 2057 nalibus
244 2020 362 2058 votis
390 2026 522 2073 atque
551 2021 712 2074 signis,
742 2023 940 2074 quamvis
957 2037 1046 2076 quo
1064 2026 1198 2065 modo
1220 2028 1348 2078 spiri-

87 2152 121 2190 1)
150 2147 231 2181 Gal.
257 2153 287 2186 3,
314 2153 369 2183 24.
418 2156 455 2194 2)
478 2153 644 2186 t'f.]121t.
671 2157 719 2192 12,
744 2158 776 2188 9.
795 2168 840 2188 ss.
868 2156 952 2189 Luc.
972 2160 1004 2194 (3,
1030 2159 1060 2189 6.
1082 2170 1127 2189 ss.
1157 2161 1204 2196 13,
1229 2163 1276 2191 10.
1297 2171 1332 2192 ss

39 2197 93 2235 14,
115 2198 145 2227 l.
165 2206 215 2230 ss.
242 2196 314 2229 Mc.
333 2201 366 2237 3,
391 2203 416 2232 ι.
436 2210 483 2232 ss.
509 2199 587 2232 loli.
610 2203 641 2240 5,
661 2204 691 2233 S.
711 2212 758 2234 ss.
807 2203 844 2244 3)
868 2203 925 2235 Cf.
944 2202 1020 2235 1011.
1044 2208 1095 2242 10,
1115 2208 1167 2237 25.
1187 2217 1213 2238 s.
1236 2206 1280 2239 al.

983 2250 1069 2290 F2
