1503 2465
119 91 200 133 236
479 93 717 134 AURELII
745 93 1066 136 AUGUSTINI

119 177 212 227 bor,
239 175 526 217 cuimisertus
546 191 640 227 ero,
668 185 709 218 et
725 177 1066 218 misericordiam
1079 177 1336 231 praestabo,
1363 177 1436 219 cui

115 232 523 288 rtzisericorsfuero.
575 233 685 282 Quis
707 236 824 274 enim
842 235 928 274 nisi
946 235 1166 288 insipiens
1184 234 1332 274 Deum
1349 234 1431 274 ini-

115 302 251 342 quum
278 293 425 340 putet,
460 289 556 329 sive
584 289 799 329 iudicium
832 290 1027 342 poenale
1058 290 1239 343 ingerat
1275 290 1428 343 dign0‚

114 346 209 384 sive
228 344 589 385 misericordiam
608 352 810 398 praestet
828 345 1041 399 indigno&
1066 346 1274 399 Denique
1292 345 1432 385 infert

114 404 160 440 et
183 400 370 450 dicit¹):
407 399 557 454 Igitur
580 414 666 441 non
688 401 890 451 volentis,
923 414 1060 455 neque
1089 400 1323 450 currentis,
1358 401 1434 441 sed

112 454 353 497 miserentis
377 463 443 496 est
459 454 560 496 Dei.
619 457 760 496 Ambo
784 459 939 510 itaque
964 457 1132 510 gemini
1159 462 1320 496 natura
1346 457 1431 497 filii

110 511 208 552 irae
229 512 599 563 nascebantur2),
629 513 763 552 nullis
784 513 962 566 quidem
985 513 1197 566 operibus
1216 514 1428 565 propriis,

110 567 194 607 sed
213 568 500 622 originaliter
519 580 575 608 ex
587 568 726 608 Adam
745 569 924 609 vinculo
946 568 1246 608 damnationis
1267 567 1429 608 obstri-

113 624 188 663 cti.
227 624 316 664 Sed
338 623 413 678 qui
433 624 568 664 dixit:
595 623 844 674 miserebor,
876 623 1159 664 cuimisertus
1178 637 1267 674 ero,
1292 623 1428 663 Iacob

111 678 274 719 dilexit
307 692 387 733 per
419 680 779 720 misericordiam
815 681 1079 734 gratuitam,
1124 680 1245 719 Esau
1278 685 1429 719 autem

112 734 218 776 odio
248 734 403 776 habuit
426 748 506 788 per
532 736 749 775 iudicium
772 735 985 776 debitum.
1049 735 1181 783 Quod
1201 748 1334 788 quum
1352 735 1426 774 de-

109 790 297 831 beretur
316 791 549 840 ambobus,
569 792 613 830 in
634 791 779 832 altero
801 792 918 832 alter
935 791 1135 845 agnovit,
1154 804 1241 830 non
1262 790 1316 830 de
1332 790 1425 830 suis

110 846 384 888 distantibus
403 847 577 887 meritis
597 847 681 887 sibi
703 859 803 888 esse
823 847 1125 902 gloriandum,
1152 847 1271 899 quod
1292 847 1335 885 in
1355 858 1427 885 ea-

111 901 213 942 dem
233 915 394 943 caussa
413 903 532 943 idem
552 904 820 956 supplicium
840 916 930 944 non
950 903 1162 952 incurrit,
1189 902 1269 942 sed
1287 902 1341 941 de
1363 902 1426 942 di-

112 958 241 997 vinae
263 961 436 1012 gratiae
457 959 685 1012 largitate,
712 960 817 1011 quia
837 973 937 999 non
966 958 1224 1006 volentis,
1258 968 1424 1011 neque

110 1016 408 1065 currentis,
445 1015 541 1054 sed
569 1015 885 1055 miserentis
909 1018 993 1054 est
1016 1014 1132 1053 Dei.
1189 1013 1423 1053 Altissimo

110 1069 274 1122 quippe
312 1083 364 1111 ac
393 1070 691 1110 saluberrimo
720 1074 1003 1110 sacramento
1028 1071 1239 1109 universa
1265 1068 1426 1117 facies,

109 1130 260 1178 atque,
281 1131 329 1165 ut
345 1129 410 1166 ita
428 1126 632 1174 dixerim,
661 1127 809 1166 vultus
829 1131 1085 1166 sanctarum
1103 1127 1427 1177 scripturarum

107 1180 225 1221 bene
249 1183 480 1222 intuentes
505 1181 551 1221 id
576 1182 821 1222 admonere
848 1181 1093 1230 invenitur,
1121 1186 1173 1220 ut
1198 1181 1284 1234 qui
1309 1179 1426 1234 glo-

108 1237 306 1286 riatur,
339 1238 393 1278 in
416 1237 646 1277 Domino
674 1238 965 1290 glorietur.
984 1237 1024 1288 ³)

167 1292 214 1332 C.
238 1292 397 1334 XCIX.
459 1293 604 1342 Quum
629 1299 777 1333 autem
803 1293 891 1333 Dei
914 1291 1274 1332 misericordiam
1308 1303 1426 1331 com-

110 1348 372 1389 mendasset
390 1351 433 1389 in
455 1361 508 1388 eo
530 1349 648 1402 quod
668 1351 750 1389 ait:
785 1348 933 1398 Igitur
950 1363 1036 1388 ηοη
1054 1347 1255 1396 volentis,
1291 1359 1428 1399 neque

110 1403 342 1454 currentis,
364 1405 439 1445 sed
454 1404 691 1444 miserentis
711 1413 773 1445 est
794 1403 889 1453 Dei,
911 1404 1074 1444 deinde
1094 1408 1143 1443 ut
1160 1405 1296 1443 etiam
1313 1402 1426 1441 iudi-

111 1459 229 1499 cium
255 1461 613 1510 commendaret,
647 1463 855 1513 quoniam
888 1461 931 1499 in
968 1473 1056 1513 quo
1092 1472 1182 1498 non
1215 1459 1265 1498 fit
1296 1459 1428 1497 mise-

109 1514 332 1565 ricordia,
377 1529 467 1556 non
502 1517 717 1568 iniquitas
755 1517 816 1565 fit,
852 1515 931 1555 sed
966 1515 1182 1554 iudicium
1216 1516 1323 1561 (non
1359 1518 1429 1552 est

111 1571 276 1625 quippe
296 1573 511 1626 iniquitas
531 1572 647 1625 apud
667 1572 853 1622 Deum),
878 1572 1092 1612 continuo
1115 1569 1345 1609 subiunxit
1362 1573 1426 1607 at-

112 1638 200 1679 que
217 1627 356 1678 ait4):
377 1626 504 1667 Dicit
519 1626 629 1667 enim
647 1627 865 1680 scriptura
884 1625 1133 1666 Pharaoni:
1154 1624 1254 1677 qnia
1273 1624 1330 1663 ad
1346 1623 1428 1663 Ιιοσ

111 1688 153 1721 te
180 1682 388 1733 excitavi,
418 1690 467 1723 ut
492 1683 714 1722 ostendam
738 1682 783 1722 in
808 1689 847 1723 te
867 1681 1110 1735 potentiam
1129 1693 1288 1728 meam,
1321 1685 1362 1718 et
1380 1685 1430 1718 ut

109 1733 397 1779 adnuntietur
419 1752 573 1778 nomen
599 1751 736 1778 meum
762 1738 806 1777 in
829 1736 1030 1777 ιιηίυενεα
1055 1744 1189 1776 terra.
1251 1735 1425 1783 Quibus

112 1793 248 1834 dictis
268 1795 323 1834 ad
341 1800 576 1846 utrumque
597 1794 892 1844 concludens,
918 1793 961 1832 id
984 1799 1067 1842 est,
1093 1793 1147 1831 ad
1168 1792 1424 1831 misericor-

113 1849 232 1889 diam
253 1857 298 1890 et
315 1850 370 1889 ad
391 1850 626 1889 iudicium:
652 1849 796 1903 Ergo,
824 1849 1036 1902 inquit5),
1060 1847 1177 1888 cuius
1194 1848 1285 1886 vult
1302 1844 1423 1885 mise-

113 1912 236 1945 retur
253 1904 386 1954 Dens,
409 1912 451 1944 et
470 1918 591 1958 quem
613 1907 700 1944 vult
717 1905 917 1944 obdurat.
981 1902 1225 1951 Miseret-ur,
1247 1901 1427 1942 scilicet

113 1972 278 2014 magna
308 1961 534 2010 bonitate,
574 1960 777 2008 obdurat,
812 1960 935 1999 nulla
965 1960 1224 2011 iniquitate,
1258 1962 1308 1997 ut
1341 1968 1425 1995 nec

114 2015 334 2057 liberatus
350 2017 403 2056 de
424 2017 517 2056 suis
535 2017 708 2057 meritis
727 2016 964 2070 glorietur,
986 2028 1068 2055 nec
1083 2015 1317 2055 damnatus
1337 2011 1425 2052 nisi

164 2149 200 2191 l)
217 2148 262 2181 V.
284 2151 336 2183 16.
385 2150 422 2191 2)
443 2149 500 2182 Cf.
520 2149 616 2192 Eph.
634 2153 665 2189 2,
686 2153 716 2183 3.
766 2148 803 2191 3)
826 2149 883 2182 Cf.
904 2152 917 2181 l
941 2148 1026 2182 Cor.
1049 2151 1082 2187 Ι,
1108 2150 1162 2180 31.
1214 2146 1251 2190 4)
1270 2146 1372 2179 Rom.
1393 2149 1424 2183 9.

118 2198 169 2231 1‘1.
186 2207 233 2229 ss.
263 2195 321 2229 Cf.
340 2195 462 2229 Exotl.
482 2199 513 2237 9,
537 2200 590 2231 lli.
639 2198 676 2241 5)
695 2196 741 2231 V.
764 2199 817 2229 18.
