1503 2465
235 119 315 159 DE
346 119 647 162 DOCTRINA
681 120 912 163 CHRIST.
973 122 1085 162 Llss.
1119 123 1193 163 lH.
1314 125 1366 165 89

54 205 214 252 utitur,
239 209 288 243 ut
312 210 452 245 metas
478 205 820 245 consuetudinis
845 206 1087 256 bonorum,
1113 208 1231 248 inter
1251 221 1364 262 quos

56 266 275 309 versatur,
305 261 512 309 excedat,
543 266 621 300 aut
638 261 808 314 aliquid
827 262 1055 314 significat
1072 269 1147 303 aut
1169 263 1364 318 flagitio·

56 328 131 353 sus
153 321 234 354 est.
282 315 328 354 ln
351 316 554 356 omnibus
575 318 691 356 enim
711 317 878 356 talibus
907 329 1006 357 non
1030 332 1153 359 usus
1178 332 1362 369 rerum,

57 370 151 410 sed
179 371 353 412 libido
380 372 585 412 utentis
610 372 662 411 in
681 372 840 424 culpa
863 378 957 413 est.
989 373 1146 427 Neque
1162 375 1256 414 ullo
1271 389 1363 416 mo-

58 426 114 465 do
141 427 375 479 quisquam
400 428 579 467 sobrius
606 427 874 477 crediderit,
909 428 1093 469 Domini
1126 432 1266 483 pedes
1300 432 1365 471 ita

55 489 285 534 unguento
305 485 508 535 pretioso
530 495 555 522 a
571 483 760 523 muliere
780 483 990 537 perfusos
1005 485 1069 538 ¹),
1100 492 1147 526 ut
1165 487 1363 527 luxurio-

55 550 206 577 sorum
226 546 270 577 et
287 551 475 591 nequam
496 537 723 578 hominum
743 541 906 589 solent,
927 553 1113 593 quorum
1132 543 1243 582 talia
1260 555 1363 582 con·

55 593 173 632 vivia
191 594 479 634 detestamur.
543 594 668 634 Odor
686 596 803 634 enim
821 596 966 636 bonus
985 596 1104 637 fama
1132 598 1252 637 bona
1278 604 1362 647 est,

56 661 185 701 quam
211 650 412 705 quisquis
430 650 576 689 bonae
602 651 719 690 vitae
746 652 958 704 operibus
993 651 1217 703 habuerit,
1259 654 1363 694 dum

53 705 248 758 vestigia
267 704 431 745 Christi
451 708 674 758 sequitur,
710 709 837 759 quasi
855 707 992 759 pedes
1013 709 1108 748 eius
1129 710 1362 762 pretiosis-

55 760 167 800 simo
188 760 328 800 odore
349 760 588 814 perfundit.
639 762 705 802 lta
723 763 842 816 quod
859 765 905 803 in
924 764 1025 804 aliis
1044 766 1249 816 personis
1269 766 1360 819 ple-

53 828 238 870 rumque
266 816 484 870 flagitium
511 822 598 868 est,
632 819 676 857 in
702 818 853 858 divina
871 819 945 859 vel
968 819 1236 873 prophetica
1264 834 1361 875 per-

55 884 167 912 sona
201 885 391 926 magnae
427 873 658 913 cuiusdam
690 874 755 914 rei
789 874 966 927 signum
1006 882 1088 915 est.
1153 877 1253 916 Alia
1293 883 1363 917 est

56 928 218 980 quippe
238 930 282 968 in
301 928 488 982 perditis
507 930 727 978 moribus,
763 930 854 970 alia
876 933 922 970 in
944 930 1091 971 Oseae
1110 931 1360 985 prophetae

52 984 376 1024 vaticinatione
398 985 656 1024 coniunctio
675 987 997 1038 meretricis.2)
1059 987 1153 1028 Nec
1172 989 1211 1028 si
1235 988 1360 1042 flagi-

52 1040 172 1079 tiose
187 1041 230 1079 in
247 1040 466 1080 conviviis
482 1041 831 1081 temulentorum
847 1048 892 1082 et
908 1042 1179 1084 lascivorum
1194 1045 1361 1084 nudan-

51 1100 125 1134 tur
153 1107 363 1148 corpora,
397 1102 640 1148 propterea
665 1097 710 1136 in
734 1097 907 1138 balneis
929 1100 1093 1139 nudum
1114 1112 1213 1139 esse
1234 1100 1357 1153 flagi-

49 1151 161 1191 tium
180 1157 263 1190 est.
325 1151 441 1198 Quid
469 1152 606 1204 igitur
625 1153 738 1192 locis
767 1159 812 1193 et
830 1155 1109 1206 temporibus
1134 1157 1360 1208 personis-

51 1218 137 1260 que
163 1208 421 1254 conveniat‚
460 1206 704 1261 diligenter
726 1209 1058 1250 adtendendum
1092 1218 1180 1261 est,
1216 1224 1270 1252 ne
1297 1218 1360 1252 te-

51 1274 172 1303 mere
193 1261 779 1316 flagitiareprehendamus.
837 1265 960 1305 Fieri
977 1268 1094 1307 enim
1113 1274 1283 1320 potest,
1311 1273 1362 1309 ut

51 1318 147 1358 sine
178 1318 329 1371 aliquo
364 1318 475 1357 vitio
502 1319 775 1372 cupediaess)
802 1321 876 1360 vel
899 1324 1163 1363 voracitatis
1192 1325 1360 1376 pretio·

49 1374 228 1414 sissimo
249 1374 349 1413 cibo
370 1374 549 1427 sapiens
569 1381 743 1426 utatur,
776 1377 992 1430 insipiens
1016 1385 1163 1418 autem
1189 1380 1359 1419 foedis-

49 1430 162 1469 sima
179 1430 311 1483 gulae
333 1429 511 1469 flamma
528 1433 572 1470 in
593 1432 859 1472 vilissimum
879 1433 1101 1474 ardescat.
1150 1435 1203 1475 Et
1222 1448 1357 1475 sanus

50 1487 238 1538 quisque
274 1485 486 1526 maluerit
519 1500 641 1527 more
668 1487 848 1527 Domini
884 1489 1008 1540 pisce
1043 1491 1188 1537 vesci,
1227 1503 1358 1543 quam

48 1540 265 1580 lenticula
281 1554 406 1581 more
425 1541 559 1591 Esau,
581 1544 759 1595 nepotis
778 1543 999 1584 Abraham
1018 1546 1071 1596 ¹),
1088 1552 1164 1586 aut
1183 1545 1356 1586 hordeo

49 1609 173 1636 more
196 1597 511 1637 iumentorum.
571 1597 670 1638 Non
703 1602 819 1640 enim
851 1606 1094 1653 propterea
1125 1604 1356 1642 continen-

47 1653 189 1692 tiores
208 1652 337 1692 nobis
363 1658 465 1692 sunt
487 1653 730 1708 pleraeque
757 1655 953 1706 bestiae,
989 1658 1093 1711 quia
1117 1658 1355 1698 vilioribus

49 1708 226 1747 aluntur
250 1709 381 1748 escis.
442 1708 552 1748 Nam
579 1710 623 1748 in
647 1712 851 1751 omnibus
880 1711 1190 1753 huiuscemodi
1219 1714 1355 1753 rebus

48 1776 134 1802 non
156 1776 211 1803 ex
230 1776 380 1803 earum
399 1776 548 1804 rerum
576 1773 755 1816 natura,
790 1769 951 1820 quibus
978 1771 1160 1818 utimur,
1195 1769 1275 1809 sed
1299 1781 1356 1809 ex

49 1831 209 1858 caussa
233 1820 384 1859 utendi
415 1825 459 1859 et
486 1822 619 1861 modo
642 1821 879 1874 adpetendi
900 1825 971 1863 vel
990 1824 1265 1877 probandum
1286 1830 1356 1864 est

48 1874 120 1914 vel
136 1875 490 1928 improbandum,
511 1877 630 1929 quod
648 1876 852 1919 facimus.
904 1880 1060 1931 Regno
1080 1886 1260 1920 terreno
1283 1892 1353 1919 ve-

47 1935 168 1970 teres
189 1932 297 1971 iusti
323 1931 525 1972 coeleste
550 1944 738 1986 regnum
760 1932 1122 1990 imaginabantur
1148 1943 1193 1976 et
1225 1947 1351 1989 prae-

100 2081 130 2112 Ι)
154 2078 211 2110 Cf.
232 2079 320 2111 Mat.
341 2083 394 2116 26,
411 2082 441 2113 6.
461 2093 507 2113 ss.
537 2083 605 2115 Mc.
630 2086 678 2121 14,
697 2087 728 2115 3.
749 2097 795 2117 ss.
827 2084 901 2117 loli.
928 2090 975 2118 !·.‘.
998 2089 1027 2117 3.
1047 2097 1094 2118 ss.
1129 2087 1163 2127 2)
1186 2086 1241 2118 Cf.
1263 2087 1350 2118 Hos.

53 2129 80 2162 l,
96 2129 127 2156 2.
144 2123 189 2157 al.
238 2125 275 2166 3)
294 2125 414 2158 Editi:
434 2128 653 2171 cupiditatis
676 2133 730 2161 iel
750 2132 933 2175 inpidinis
953 2133 1080 2173 (eat).
1116 2132 1161 2164 At
1184 2134 1269 2165 uss.
1289 2145 1348 2165 (η-

44 2170 178 2214 pedine
210 2171 231 2202 i.
260 2181 289 2202 e.
319 2170 602 2207 vehementioris
637 2177 879 2218 adpetitionis
909 2178 1067 2210 ciborum
1096 2177 1349 2211 delicatorum.

51 2217 106 2250 cf.
130 2217 205 2250 Cic.
225 2217 337 2250 Tusc.
357 2222 387 2259 4,
411 2224 458 2252 1¹.
509 2223 545 2263 4)
568 2221 611 2253 Y.
633 2223 718 2256 Luc.
738 2227 793 2263 24,
812 2227 867 2256 43.
887 2228 923 2256 et
943 2223 1033 2257 Gen.
1054 2227 1107 2263 25,
1122 2227 1177 2257 34.
