1503 2465
159 139 211 181 62
517 141 752 181 AURELll
780 142 854 181 AU
861 141 936 182 GU
944 141 1077 182 S'rlN
1083 143 1099 182 Ι

156 231 249 265 tum
280 224 390 264 satis
414 229 502 273 est,
530 225 584 265 de
604 238 690 278 qua
708 226 912 277 superius
934 226 1271 280 disputavimus.
1293 231 1331 279 ¹)
1390 229 1458 271 Ex

157 293 211 320 eo
232 292 398 333 genere
417 286 520 319 sunt
538 281 673 320 etiam
691 288 840 329 notae,
861 293 969 333 quas
989 284 1065 334 qui
1084 284 1337 324 didicerunt
1357 298 1456 337 pro-

155 336 250 388 prie
268 337 356 375 iam
374 336 573 374 notarii
592 336 886 388 adpellantur.
946 338 1086 378 Utilia
1104 346 1208 378 sunt
1231 341 1337 389 ista,
1374 352 1455 381 nec

155 391 389 430 discuntur
413 391 598 440 illicite,
631 404 714 430 nec
739 393 1061 443 superstitione
1084 394 1339 447 implicant,
1374 408 1457 435 nec

153 445 262 485 luxu
281 451 516 495 enervant,
543 446 579 485 si
598 452 769 486 tantum
791 455 1031 500 occupent,
1057 454 1107 489 ut
1124 451 1370 490 maioribus
1390 464 1456 491 re-

153 500 259 550 bus,
290 501 344 539 ad
366 513 474 553 quas
504 500 817 554 adipiscendas
843 504 1012 544 servire
1039 504 1227 555 debent,
1255 518 1342 545 non
1368 508 1457 546 siut

152 557 489 608 impedimento.

211 612 257 651 C.
286 611 468 651 XXVII.
528 611 620 651 Iam
642 624 749 651 vero
772 612 871 662 illa,
907 626 1020 667 quae
1043 627 1132 655 non
1161 616 1455 666 instituendo,

153 668 233 707 sed
251 672 328 707 aut
345 672 575 707 transacta
590 668 889 720 temporibus,
924 675 1000 709 aut
1018 670 1230 710 divinitus
1250 671 1457 711 instituta

151 722 467 775 investigando
504 721 707 762 homines
739 724 1057 775 prodiderunt,
1089 726 1356 780 ubicumque
1390 727 1453 767 ‹li—

151 785 353 830 scantur‚
394 792 481 817 non
515 783 617 818 sunt
647 777 874 818 hominum
900 780 1109 821 instituta
1135 782 1452 822 existimanda:

151 846 340 886 quorum
366 833 456 872 alia
479 839 582 873 sunt
605 834 660 873 ad
685 846 864 874 sensum
891 837 1118 888 corporis,
1151 837 1242 877 alia
1265 850 1372 877 vero
1397 838 1453 877 ad

148 890 371 929 rationem
397 890 531 928 animi
562 889 848 941 pertinentia.
910 890 1000 931 Sed
1032 892 1131 941 illa,
1169 905 1282 946 quae
1318 905 1452 932 sensu

150 945 355 996 corporis
375 944 684 997 adtinguntur,
719 945 790 984 vel
809 951 989 986 narrata
1007 947 1253 997 credimus,
1287 948 1359 988 vel
1378 949 1451 988 de·

148 1005 399 1039 monstrata
417 1001 647 1049 sentimus,
674 1000 743 1039 vel
763 1007 948 1052 experta
967 1003 1246 1043 coniicimus.

205 1055 252 1094 C.
272 1054 475 1095 XXVIII.
536 1055 765 1108 Quidquid
786 1057 926 1109 igitur
943 1058 997 1097 de
1022 1058 1181 1099 ordine
1199 1065 1448 1111 temporum

146 1116 479 1151 transactorum
504 1110 677 1150 indicat
702 1123 756 1150 ea
783 1124 896 1164 quae
922 1113 1177 1165 adpellatur
1195 1113 1448 1161 historia,

146 1166 385 1219 plurimum
410 1179 492 1205 nos
524 1166 705 1206 adiuvat
729 1167 784 1206 ad
811 1175 993 1208 sanctos
1019 1169 1161 1209 libros
1195 1170 1450 1222 intelligen-

148 1221 256 1270 dos,
292 1222 484 1261 etiamsi
511 1226 691 1274 praeter
724 1223 962 1263 ecelesiam
996 1225 1161 1276 puerili
1197 1226 1449 1265 eruditione

148 1277 360 1317 discatur.
419 1276 531 1316 Nam
557 1283 602 1316 et
624 1289 703 1330 per
729 1278 1009 1332 olympiadas
1035 1286 1080 1320 et
1105 1292 1185 1333 per
1218 1281 1449 1320 consulum

145 1334 328 1372 nomina
348 1333 486 1372 multa
504 1345 639 1384 saepe
659 1341 932 1386 quaeruntur
949 1348 975 1375 a
992 1336 1142 1376 nobis:
1175 1342 1220 1376 et
1237 1336 1449 1389 ignoran-

145 1388 211 1428 tia
228 1388 509 1436 consulatus,
536 1401 622 1441 quo
641 1394 771 1429 natus
791 1395 860 1429 est
876 1389 1097 1430 Dominus
1118 1397 1162 1432 et
1181 1404 1267 1446 quo
1292 1404 1448 1444 passus

148 1445 271 1494 est2)
287 1473 297 1493 ‚
334 1443 575 1483 nonnullos
594 1445 746 1497 coegit
764 1457 934 1495 errare,
967 1452 1016 1486 ut
1033 1452 1241 1500 putarent
1262 1447 1446 1500 quadra-

147 1498 274 1551 ginta
305 1510 385 1538 sex
416 1511 631 1538 annorum
666 1506 815 1540 aetate
848 1514 1027 1553 passum
1061 1514 1161 1542 esse
1191 1502 1447 1550 Dominum,

148 1555 254 1607 quia
276 1566 355 1606 per
380 1559 448 1594 tot
465 1567 604 1594 annos
625 1556 909 1596 aedificatum
928 1557 1141 1610 templum
1163 1570 1264 1598 esse
1282 1558 1448 1598 dictum

149 1614 219 1648 est
243 1622 268 1649 a
286 1609 482 1659 Iudaeis,
515 1611 636 1663 quod
654 1611 893 1664 imaginem
913 1612 1124 1652 dominici
1145 1613 1346 1666 corporis
1374 1611 1445 1652 ha-

145 1664 296 1705 bebat.
315 1666 354 1714 3)
414 1666 471 1704 Et
487 1678 703 1705 annorum
724 1666 900 1719 quidem
920 1667 1015 1708 fere
1039 1669 1227 1722 triginta
1247 1669 1446 1721 baptiza-

145 1725 239 1760 tum
274 1733 373 1760 esse
408 1723 652 1761 retinemus
687 1723 958 1763 auctoritate.
993 1724 1328 1777 evangelica4);
1367 1723 1447 1764 sed

148 1782 307 1827 postea
317 1783 426 1828 quot
445 1789 583 1815 annos
603 1777 647 1816 in
667 1778 747 1816 hac
765 1778 856 1816 vita
875 1779 1033 1831 egerit,
1050 1785 1447 1833 quamquamtextu

145 1833 244 1884 ipso
280 1834 509 1871 actionum
543 1833 638 1871 eius
673 1833 966 1874 animadverti
998 1836 1165 1887 possit,
1212 1841 1359 1875 tamen
1392 1846 1446 1874 ne

146 1887 326 1927 aliunde
347 1888 494 1941 caligo
516 1887 810 1928 dubitationis
833 1891 1027 1942 oriatur,
1061 1891 1115 1931 de
1134 1889 1326 1931 historia
1342 1902 1446 1943 gen-

193 1998 226 2035 1)
250 1995 334 2028 vid.
353 2007 382 2028 c.
401 2000 452 2028 11.
502 1997 539 2039 2)
561 1996 746 2030 Christum
767 2009 911 2040 passum
930 2010 1010 2033 esse
1027 2010 1119 2033 anno
1144 1999 1222 2033 fere
1247 2002 1314 2038 30.,
1340 1999 1444 2031 Fusio

145 2044 182 2074 et
198 2040 371 2074 Rubellio
392 2041 557 2075 Geminis
578 2043 693 2082 Coss,
712 2045 733 2075 i.
753 2055 784 2076 e.
800 2047 847 2076 15.
867 2050 950 2087 post
961 2046 1150 2079 Octaviani
1167 2049 1318 2078 mortem
1337 2056 1444 2083 anno,

145 2087 312 2120 referunt
330 2087 489 2120 Tertull.
508 2089 587 2121 adv.
604 2088 686 2121 Iud.
712 2101 740 2122 c.
760 2094 803 2129 8.,
838 2091 934 2132 Orig.
952 2092 1027 2128 περὶ
1043 2088 1154 2129 ἀρχῶν
1169 2095 1201 2130 4,
1221 2094 1251 2123 5.
1293 2091 1443 2132 August.

147 2133 191 2165 de
210 2134 275 2166 civ.
296 2133 353 2165 (lei
375 2137 425 2173 18,
445 2139 496 2167 54.
526 2134 661 2168 Contra
677 2135 774 2168 Iren.
793 2140 822 2174 2,
842 2139 895 2169 39.
916 2148 967 2180 sq.
983 2137 1103 2170 Iesum
1121 2148 1232 2179 usque
1251 2137 1293 2170 ad
1313 2147 1443 2170 annum

146 2181 200 2212 50.
216 2180 357 2212 vixisse
376 2181 604 2214 existimavit
621 2183 816 2215 secundum
837 2180 913 2216 Ioh.
932 2187 964 2224 8,
978 2184 1033 2217 57.
1060 2183 1097 2226 3)
1119 2182 1175 2216 Cf.
1186 2182 1263 2216 1011.
1282 2186 1313 2222 2,
1335 2184 1432 2217 19·Sss

145 2224 183 2268 4)
202 2226 287 2260 Vid.
309 2227 397 2260 Luc.
414 2230 446 2266 3,
464 2229 519 2261 23.
