1503 2465
212 144 292 184 DE
323 143 632 186 DOCTRINA
664 144 896 186 CHRIST.
958 144 1072 187 Llss.
1104 145 1179 187 lV.
1280 148 1359 187 147

46 241 213 284 genere
232 234 500 281 temperato,
516 230 634 282 quod
655 235 847 269 nontam
866 230 1105 270 verborum
1124 231 1357 272 ornatibus

45 290 240 326 comtum
261 291 344 334 cst,
366 298 496 336 quam
516 286 763 325 violentum
784 286 917 325 animi
936 286 1206 327 adfectibus.
1244 286 1358 328 Nam

45 341 166 393 capit
193 341 327 380 etiam
352 340 431 380 illa
458 347 722 380 ornamenta
744 353 886 394 paene
913 343 1082 392 oninia3
1119 343 1199 383 sed
1231 355 1284 383 ea
1319 344 1360 383 si

43 409 133 436 non
161 394 390 444 habuerit,
426 408 515 435 non
539 397 745 449 requirit,
804 397 967 437 Fertur
991 399 1154 451 quippe
1186 400 1360 452 impetu

43 464 148 500 suo,
176 457 220 491 et
240 451 512 491 elocutionis
533 451 933 505 pulchritudinem,
963 455 999 493 si
1021 456 1285 504 occurrerit,
1311 456 1359 495 vi

41 519 189 547 rerum
216 508 350 559 rapit,
381 521 467 546 non
494 518 600 547 cura
620 508 798 548 decoris
825 509 1033 549 adsumit.
1097 509 1216 550 Satis
1237 512 1357 552 enim

44 568 113 603 est
132 564 173 602 ei
192 569 377 615 propter
397 562 515 615 quod
536 564 701 616 agitur,
726 570 776 604 ut
794 565 930 604 verba
948 566 1245 618 congruentia
1263 579 1357 607 non

44 618 136 657 oris
157 618 382 672 eligantur
405 618 649 669 industria,
685 620 766 660 sed
790 621 989 673 pectoris
1014 627 1261 674 sequantur
1286 635 1353 662 ar-

43 674 223 714 dorem..
274 673 384 713 Nam
410 674 448 713 si
469 681 625 714 aurato
655 681 971 729 gemmatoque
992 675 1114 716 ferro
1135 678 1201 716 vir
1219 676 1354 718 fortis

40 730 590 778 armetur,intentissimus
609 744 802 785 pugnae,
817 733 910 784 agit
922 733 1101 785 quidem
1114 733 1203 773 illis
1218 735 1353 774 arinis

41 785 160 839 quod
177 787 282 838 agit,
296 798 381 824 non
397 787 727 839 quiapretiosa,
740 788 819 827 sed
832 789 935 841 quia
949 801 1072 828 arma
1091 795 1212 839 sunt3
1233 790 1356 829 idem

38 842 134 893 ipse
155 847 223 880 est
244 847 413 889 tamen,
445 846 490 880 et
516 842 635 882 valet
654 844 912 896 plurimum,
947 845 1081 884 etiam
1103 858 1234 898 quum
1257 847 1352 895 „ri-

38 897 178 936 manti
192 896 328 936 telum
347 899 413 936 ira
430 896 588 937 facit.“
608 900 642 949 l)
665 901 693 938 A
703 899 769 952 git
788 901 1039 953 apostolus,
1054 907 1103 940 ut
1123 914 1202 954 pro
1219 914 1354 941 evan—

39 953 188 1006 gelico
208 952 461 992 ministerio
480 955 706 1005 patienter
727 956 844 995 mala
863 954 994 996 huius
1014 957 1230 1009 temporis
1251 970 1354 997 cum

37 1008 205 1048 solatio
234 1009 452 1047 donorum
472 1009 556 1048 Dei
586 1013 736 1051 omnia
758 1012 1024 1052 tolerentur.
1084 1013 1252 1066 Magna
1276 1026 1349 1054 res

37 1071 120 1113 est,
142 1068 187 1102 et
205 1063 438 1117 granditer
455 1067 617 1118 agitur,
634 1079 715 1106 nec
735 1067 898 1108 desunt
916 1075 1179 1108 ornamenta
1201 1069 1352 1109 dicen-

36 1119 95 1159 di.
123 1119 253 1167 Ecce,
274 1121 418 1172 inquit
433 1122 489 1168 2),
511 1135 621 1161 nunc
640 1129 802 1176 tempus
817 1124 1105 1176 acceptabile,·
1125 1138 1217 1164 ecee
1237 1138 1354 1166 nunc

35 1174 123 1215 dies
150 1174 324 1214 salutis!
361 1174 532 1216 Nullam
556 1177 599 1216 in
628 1192 843 1231 quoquam
870 1181 1018 1220 dantes
1047 1179 1349 1234 offensionem,

34 1237 84 1270 ut
115 1244 200 1270 non
234 1231 575 1283 reprehendatur
606 1233 890 1275 ministerium
922 1243 1145 1285 nostrnm5
1197 1237 1272 1276 sed
1304 1237 1352 1277 in

35 1286 230 1326 omnibus
254 1289 597 1328 commendantes
623 1298 787 1330 nosmet
810 1290 923 1343 ipsos
943 1299 987 1330 ut
1006 1290 1094 1331 Dei
1110 1292 1349 1343 ministros,

33 1341 78 1381 in.
97 1344 230 1382 mzdta
242 1342 475 1395 patientia,
495 1343 538 1383 in
559 1344 926 1396 tribulationibus,
948 1346 1348 1398 2‘1meeessz·tatibus‚

32 1397 77 1437 in
96 1398 324 1451 angustiis,
344 1398 388 1438 in
402 1399 560 1451 plagis,
582 1400 625 1440 in
645 1402 902 1451 carceribus,
924 1402 968 1442 in
986 1403 1281 1453 seditionibus,
1301 1404 1346 1445 in

31 1453 267 1503 laboribus,
293 1453 336 1493 in
360 1454 528 1508 vigiliis,
558 1456 602 1496 in
620 1456 806 1506 ieiuniis,
833 1458 878 1498 in
899 1458 1118 1508 castitate,
1145 1459 1190 1500 in
1209 1460 1345 1501 scien-

34 1508 110 1559 tia,
130 1509 175 1550 in
195 1510 540 1563 longanimitate,
567 1512 611 1552 in
632 1512 915 1567 benignitate,
940 1514 983 1554 in
1001 1514 1157 1568 spiritu
1176 1524 1345 1566 sancto,

30 1564 77 1604 in
96 1565 280 1606 caritate
299 1566 519 1620 nonficta,
548 1567 592 1607 in.
613 1569 736 1609 verbo
756 1570 966 1618 veritatis,
993 1570 1035 1610 in
1057 1571 1213 1612 virtute
1231 1571 1348 1622 Dei,-

27 1633 241 1674 perarma
259 1621 452 1662 iustitiae
467 1636 492 1662 a
510 1624 670 1664 dextris
691 1632 732 1665 et
750 1639 776 1665 a
792 1626 978 1666 sinistris
992 1626 1047 1677 ³),
1061 1628 1349 1681 pergloriam,

34 1684 75 1717 et
97 1675 434 1729 ignobilitatem,
458 1692 538 1731 per
558 1679 788 1735 infamiam
814 1689 856 1722 et
883 1682 1038 1723 bonam
1058 1683 1264 1739 famam,·
1297 1692 1352 1725 ut

33 1733 297 1782 seductores,
327 1740 367 1773 et
389 1747 584 1783 ceraces;
609 1743 654 1776 ut
675 1737 748 1789 qui
765 1737 1039 1790 ignoramur,
1060 1747 1101 1779 et
1119 1741 1346 1791 cognosci-

32 1801 155 1836 7nur;
189 1788 313 1842 quasi
329 1789 578 1839 morientes,
613 1799 654 1831 et
670 1806 763 1833 ecce
782 1793 986 1843 vicinum,-
1021 1802 1066 1834 ut
1085 1795 1276 1844 coerciti,
1304 1803 1347 1836 et

32 1856 118 1882 non.
142 1844 430 1898 mortificati:
465 1854 513 1885 ut
537 1846 698 1895 tristes,
733 1862 898 1902 semper
916 1858 1057 1891 autem
1072 1853 1343 1905 gandelrtes;

31 1898 143 1938 sicut
159 1900 295 1953 egeni,
323 1902 476 1940 multos
494 1910 635 1942 autem
655 1904 868 1951 ditantes,-
900 1913 1118 1959 tamquam
1138 1907 1247 1947 nihil
1267 1907 1342 1948 lca-

34 1953 198 2004 bentes,
227 1962 269 1996 et
291 1956 436 1996 omnia
449 1958 726 2010 possidentes.
787 1960 902 2002 Vide
923 1961 1068 2003 adhuc
1087 1963 1340 2003 ardentem:

33 2008 93 2050 Os
112 2018 305 2051 nostrum
318 2018 445 2065 patet
461 2013 518 2052 ad
537 2026 626 2063 vos,
653 2028 676 2055 o
699 2014 936 2067 Corinthii,
965 2032 1041 2059 cor
1066 2026 1260 2060 nostrum
1281 2019 1340 2058 ‹ti-

39 2181 42 2185 ,
83 2146 114 2187 1)
144 2144 293 2178 Adlnsit
317 2149 476 2191 scriptor
500 2151 603 2184 Vim.
630 2152 720 2186 Aen.
748 2156 784 2193 7,
816 2158 892 2188 508.
951 2158 987 2199 2)
1016 2160 1036 2191 2
1061 2157 1144 2190 Cor.
1170 2159 1206 2194 6,
1232 2160 1264 2190 2.
1292 2169 1327 2190 ss

30 2189 68 2231 3)
87 2192 199 2229 ‚,Mss.
219 2191 354 2234 aliquot
376 2197 533 2237 optimae
555 2203 677 2231 notae:
706 2212 813 2234 arma
832 2201 912 2236 inst.
933 2205 1070 2236 (ἀκτῖνα
1096 2209 1131 2237 et
1148 2203 1342 2237 sz'ne'stra.‘·

28 2236 119 2270 Ben.
166 2237 272 2272 Idem
289 2238 425 2281 legitur
443 2242 478 2275 in
496 2248 515 2277 2
533 2245 635 2278 codd.
656 2247 758 2290 Lips.

987 2308 1069 2347 K2
