1503 2465
554 98 945 140 PRAEFATIO.
1347 118 1394 146 lx

97 183 307 244 idemque
345 184 438 229 fine
474 201 511 230 e.
549 187 657 230 122.
700 188 747 230 in
776 185 962 233 Christi
996 191 1296 248 membrisxez·
1329 193 1395 237 (Zi-

97 252 242 298 !ectas
282 253 555 312 adpellatur.
627 254 702 298 Ex
738 257 905 314 quibus
941 258 1056 302 locis
1087 258 1142 303 de
1166 258 1396 321 dignitate

94 320 338 365 Laurentii
370 321 418 365 id
463 330 646 366 tantum
678 323 790 367 licet
824 323 1045 382 definire,
1096 343 1200 371 eum
1232 330 1395 387 procul

96 389 231 434 dubio
258 390 432 434 laicum
463 391 634 447 fuisse,
670 406 765 434 non
800 394 1034 438 clericum.
1110 394 1393 456 Ceteroquin

92 466 281 517 propter
317 458 627 503 cruditionem
664 467 709 503 et
731 462 989 520 sapientiae
1023 463 1230 508 studium
1256 480 1395 524 quam

91 528 290 569 maxime
310 527 537 572 laudatur.
578 527 648 573 Cf.
667 545 702 572 c.
721 530 762 572 l.
787 538 831 573 et
855 532 963 574 122.
1011 529 1259 592 Inscriptio
1285 549 1392 592 opu-

90 597 205 638 sculi
229 595 401 655 duplex
425 605 508 641 est.
581 594 634 641 In
659 597 871 643 omnibus
900 600 1031 644 libris
1063 603 1393 661 manuscriptis

89 662 262 707 dicitur
284 664 625 722 Euclea-idion„
659 668 796 725 quale
820 667 1100 713 Laurentius
1123 670 1391 729 postulave-

88 740 162 774 rat
186 733 214 775 i.
232 748 267 775 e.
287 735 564 791 opusculum
585 735 706 778 mole
732 737 952 798 exiguum
971 737 1025 781 de
1050 740 1150 782 eius
1173 738 1389 783 manibus

88 815 183 844 non
214 816 520 846 recessurum.
594 801 660 846 Cf.
699 819 734 847 c.
764 805 802 846 1.
825 805 870 850 6.
896 814 942 850 et
970 808 1077 850 122.
1114 816 1160 851 et
1184 806 1390 852 Retract.

87 870 144 925 2,
169 871 212 913 6.
285 870 377 915 Sed
414 870 586 915 ibidem
620 872 941 934 Augustian
980 877 1030 919 in
1060 876 1179 920 libro
1206 876 1261 920 de
1285 885 1388 921 octo

86 936 286 982 Dulcitii
307 939 659 998 quaestionibus
679 943 724 997 l,
748 942 818 985 10.
844 945 892 996 2.,
908 947 954 988 4.
980 952 1026 988 et
1047 945 1094 989 in
1121 947 1257 1003 epist.
1277 945 1387 989 231.

85 1007 143 1050 ad
168 1006 364 1052 Darium
390 1017 529 1053 vocat
555 1008 723 1053 libram
748 1011 938 1068 deficle,
972 1027 1052 1076 spe
1088 1021 1134 1058 et
1157 1016 1386 1069 caritate,

85 1078 236 1135 neque
280 1078 415 1120 aliter
450 1077 631 1122 Possid.
662 1075 808 1122 Indic.
843 1096 880 1124 c.
922 1082 964 1125 6.
1036 1079 1088 1125 In
1125 1081 1389 1127 Enchiridii

86 1153 221 1189 textu
256 1146 638 1208 recognoscendo
674 1147 833 1192 eodem
863 1150 1000 1195 modo
1025 1159 1237 1196 versatus
1267 1168 1386 1209 sum,

85 1213 141 1257 de
168 1227 259 1272 quo
283 1229 422 1274 supra
445 1216 561 1272 dixi,
587 1224 774 1260 secutus
794 1216 1023 1263 editiones
1055 1220 1092 1262 l.
1109 1218 1387 1265 Iolemor-

83 1281 244 1328 bachii
280 1298 384 1342 opp.
411 1283 608 1346 August.
642 1291 750 1329 tom.
789 1284 934 1345 V111.3
973 1290 1018 1333 2.
1053 1288 1167 1333 Des.
1193 1288 1388 1334 Erasmz‘

82 1367 120 1395 a.
151 1350 294 1396 1569.
321 1368 422 1412 opp.
447 1363 557 1398 tom.
583 1350 660 1396 Ill.
685 1370 727 1413 p.
760 1354 865 1399 151.
891 1371 1016 1418 sqq.3
1040 1358 1082 1400 3.
1111 1357 1384 1403 Benedicti-

82 1435 248 1464 ηονιιηι
273 1436 312 1464 a.
339 1423 480 1466 1701.
507 1424 632 1482 (opp.
659 1431 690 1467 t.
712 1421 787 1466 vl.
811 1440 853 1483 p.
876 1425 979 1468 143.
997 1422 1097 1488 ss),
1122 1428 1203 1486 qui
1226 1428 1274 1470 in
1299 1426 1386 1472 hoo

80 1489 370 1535 recensendo
409 1493 607 1554 triginta
644 1507 727 1536 sex
762 1492 894 1537 libris
933 1494 1042 1539 Mss.
1084 1496 1231 1552 (inter
1268 1511 1386 1556 quos

81 1555 320 1602 Romanae
366 1558 679 1605 bibliothecae
715 1560 972 1607 vaticanae
1007 1564 1039 1605 4
1077 1573 1121 1608 ct
1156 1566 1221 1608 22
1253 1564 1384 1609 Pari-

80 1628 302 1685 sumes),
329 1635 375 1671 et
399 1629 685 1674 editionibus
713 1629 805 1674 ioh.
834 1632 1127 1676 Amorbachii
1153 1649 1191 1677 a.
1224 1633 1381 1694 1505.,

79 1693 189 1739 Des.
212 1696 398 1741 Erasmi
423 1713 464 1741 a.
488 1698 650 1749 1529„
676 1697 1000 1762 theologorum
1016 1701 1381 1748 Lovaniensium

80 1780 119 1808 a.
158 1765 326 1821 1576.‚
378 1765 616 1811 Lamberti
655 1766 840 1813 Danaei
872 1770 1048 1816 Genev.
1080 1787 1119 1816 a.
1157 1773 1300 1818 1575.
1337 1782 1382 1817 et

81 1833 276 1878 Antonii
301 1834 494 1880 Arnaldi
520 1835 666 1879 Paris.
696 1838 834 1884 low.
862 1841 936 1884 usi
962 1848 1090 1885 sunt.
1163 1842 1208 1884 4.
1235 1840 1383 1899 Sepa-

78 1911 230 1946 ratam
255 1902 524 1961 editionem,
551 1921 668 1964 quae
692 1906 868 1965 prodiit
897 1907 1116 1954 Coloniae
1144 1909 1263 1969 apud
1290 1908 1379 1954 [oh.

82 1972 365 2031 Gymnicum
414 1989 451 2017 a.
501 1974 644 2018 1528.
703 1983 748 2018 et
803 1990 983 2036 semper
1037 1978 1135 2022 fere
1180 1978 1383 2023 reddidit

79 2037 376 2084 Amorbachii
421 2050 612 2087 textum.
704 2043 745 2089 5.
787 2046 938 2097 Quam
973 2044 1020 2090 S.
1060 2045 1112 2089 V.
1158 2044 1380 2111 Augusti,

79 2106 330 2170 theologus
360 2108 658 2167 Bonnensis‚
708 2112 1026 2158 excudendam
1078 2119 1260 2162 curavit
1303 2119 1380 2161 in:

85 2174 472 2225 Cla-estomatlzia
493 2182 769 2243 pam-istim
801 2182 866 2227 ad
889 2198 1000 2227 usus
1027 2200 1183 2230 eorum
1207 2189 1288 2248 [μα’
1309 2185 1380 2230 1ιὶ-
