1503 2465
151 101 255 131 xxu
559 86 1050 129 ARGUMENTUM.

151 172 192 205 C.

151 264 189 297 C.

150 401 178 805 &emt-200

151 1002 179 1126 ‘20

153 1186 182 1726 0000000

155 1786 173 1818 A

174 1812 179 1817 «
174 1787 182 1798 Α

155 1878 182 1910 (1¹
190 1904 196 1910 .

156 1971 182 2003 C
190 1995 196 2002 .

157 2065 197 2095 (J.

214 174 267 206 19.
296 171 473 205 Homines
497 171 598 203 vario
617 171 722 203 modo
742 169 841 209 falli,
871 172 935 206 sed
955 182 1114 205 errorem
1135 175 1198 206 aut
1213 183 1379 215 magnum
1399 175 1462 208 aut

243 228 406 261 parvum,
433 228 579 260 semper
597 228 675 249 esse
696 215 840 250 maium.

210 268 264 297 20.
291 262 376 297 Non
395 274 535 296 omnem
557 274 714 296 errorem
743 274 824 296 esse
850 268 1060 306 peccatum,
1088 276 1204 308 neque
1222 265 1461 299 Academico-

241 322 315 342 rum
337 309 563 352 probandam
583 310 821 348 sententiam,
845 310 1101 343 adsensionem
1126 322 1267 345 omnem
1295 323 1374 345 esse
1402 324 1460 345 su-

240 356 504 398 spendendam,
531 358 569 387 nt
587 356 702 388 omnis
721 366 823 388 error
842 355 1037 389 devitetur.

184 428 190 435 .
209 405 261 434 Ἦ.
291 402 461 435 Errorem
482 412 627 444 semper
641 400 771 435 malum
788 412 880 435 esse.

185 451 265 481 .22.
294 448 526 481 Mendacium
551 458 672 480 eornm
702 448 820 480 minus
846 458 954 488 ‘grave
980 460 1059 483 esse
1078 453 1281 493 peecatum,
1309 451 1367 493 qni
1388 461 1458 483 non

241 495 310 528 nisi
331 505 396 537 pro
417 493 600 527 hominnm
617 493 736 527 sainte
757 495 992 528 mentiuntur.

186 543 262 574 ,2:3.
288 541 422 573 Rerum
448 541 623 572 honarum
651 550 813 573 caussam
840 551 920 573 esse
946 541 1150 575 bonitatem
1168 542 1258 580 Dei,
1286 541 1459 574 malarum

242 587 473 619 deficientem
494 587 575 618 honi
596 585 784 619 mutabilis
803 585 1039 620 voluntatem.

184 657 191 665 .
211 635 266 666 24.
296 633 350 665 De
369 632 540 666 secundis
559 630 733 665 malorum
752 633 902 672 caussis,
921 633 1131 675 ignorantia
1148 636 1183 667 e't
1201 635 1461 676 concupiscen-

241 679 304 711 tia.

184 750 191 757 .
211 727 266 757 ⁶25.
295 725 350 756 De
369 725 500 767 poenis
518 735 537 758 a
557 724 635 757 Deo
653 722 769 767 lapsis
789 723 996 758 hominihus
1015 729 1052 758 et
1069 725 1210 767 angelis
1229 726 1400 767 irrogatis

184 795 191 804 .
213 774 265 803 26.
294 770 368 803 Per
385 771 516 804 Adami
536 775 725 813 peccatum
744 771 821 804 eius
839 773 995 814 stirpem
1011 773 1177 805 vitiatam
1196 783 1293 810 esse,
1325 777 1360 804 et
1385 783 1462 804 car-

242 815 361 850 nalem
387 817 738 860 concupiscentiam,
773 821 810 850 et
833 820 1027 860 peccatum
1056 817 1235 859 originale
1254 822 1291 850 et
1310 822 1460 850 mortem

242 865 280 895 in
298 874 422 896 omnes
441 866 611 906 posteros
630 863 822 896 transiisse
843 865 989 906 (contra
1008 862 1258 905 Pelagianos).

185 911 260 943 .27.
291 909 346 942 De
374 908 531 942 hominis
559 909 768 943 conditione
795 912 879 952 post
897 910 1029 943 Adami
1055 913 1264 953 peccatum,
1291 912 1328 942 et
1344 909 1462 942 refor-

243 956 401 989 matione
420 966 467 988 ex
487 954 565 988 sola
585 955 654 988 Dei
674 956 927 989 misericordia
944 956 1054 989 facta.

185 1026 191 1034 .
211 1004 265 1034 28.
299 1002 564 1034 Desertor-ihus
581 1001 721 1041 augelis
743 1002 897 1035 deiectis
917 1004 1058 1036 ceteros
1076 1003 1112 1035 in
1131 1003 1357 1045 sempiterna
1383 1013 1459 1034 cnm

244 1049 322 1080 Deo
344 1048 571 1080 heatitudine
590 1049 847 1090 permansisse.

171 1116 193 1126 Ι.
213 1096 268 1126 29.
297 1093 339 1126 In
363 1093 479 1127 locum
506 1094 728 1127 deiectorum
753 1093 965 1135 angelorum
993 1105 1240 1128 successuram
1267 1105 1346 1126 esse
1378 1104 1461 1136 par-

244 1144 315 1173 tem
335 1139 517 1172 hominnm
542 1144 767 1183 reparatam,
792 1140 989 1172 secundnm
1012 1142 1158 1173 Domini
1186 1141 1460 1183 promissiones.

187 1212 193 1219 .
214 1189 267 1220 30.
295 1185 379 1219 Non
396 1187 539 1219 meritis
559 1197 729 1228 opernm,
756 1197 822 1219 nec
839 1185 958 1219 libero
977 1187 1176 1219 voluntatis
1195 1187 1370 1224 arbitrio,
1398 1186 1460 1218 sed

243 1233 361 1273 gratia
380 1233 450 1265 Dei
470 1243 536 1275 per
554 1232 660 1265 sidem
681 1231 799 1266 salvos
818 1233 897 1265 fieri
915 1230 1092 1265 homines.

187 1282 265 1312 .31.
292 1278 418 1320 Ipsam
444 1278 553 1311 fidem
580 1289 600 1312 a
619 1279 697 1311 Deo
728 1279 874 1317 donari,
899 1289 1015 1322 neque
1040 1277 1213 1312 fidelihus
1230 1279 1327 1312 hona
1351 1289 1463 1321 opera

245 1325 416 1358 defutura
434 1335 526 1358 esse.

188 1394 196 1403 .
213 1375 268 1404 32.
295 1371 413 1404 Deum
433 1371 578 1413 operari
597 1371 633 1403 in
653 1371 758 1403 nohis
777 1374 812 1402 et
829 1369 924 1404 velle
943 1374 980 1403 et
997 1372 1185 1413 perficere.

189 1442 195 1449 .
217 1421 270 1451 33.
299 1418 478 1450 Homines
501 1420 632 1451 natura
654 1418 731 1449 irae
754 1416 850 1449 filios
875 1428 981 1460 egere
1001 1416 1282 1451 reconciliatore
1302 1416 1463 1449 Christo.

246 1464 323 1502 Quo
342 1474 450 1497 sensu
470 1464 571 1496 Dens
589 1464 732 1496 dicatur
750 1464 869 1496 irasci.

189 1535 195 1542 .
219 1513 271 1543 34.
301 1510 356 1543 De
373 1509 514 1542 Christi
540 1510 754 1542 mediatoris
780 1508 963 1542 ineffabili
989 1513 1075 1542 natu
1101 1520 1150 1542 ex
1172 1509 1291 1542 Maria
1321 1510 1467 1553 (contra

247 1554 568 1598 Aponium-istas).

189 1627 195 1633 .
215 1605 267 1635 35.
294 1602 414 1634 Iesum
436 1601 622 1634 Christum
639 1612 748 1634 unum
768 1602 840 1634 Dei
857 1600 971 1634 {ilium
990 1604 1026 1634 et
1045 1602 1161 1634 Deum
1185 1601 1364 1634 hominem
1384 1611 1465 1634 esse

247 1652 393 1687 (contra
409 1646 684 1689 Nestorianos).

188 1719 193 1724 .
213 1689 268 1727 36.
300 1695 471 1728 Divinam
493 1695 646 1734 gratiam
665 1694 811 1734 egregie
828 1695 864 1726 et
881 1694 1324 1727 evidentercommendari
1346 1694 1381 1725 in
1402 1693 1463 1725 ho-

247 1741 341 1772 mine
361 1739 445 1773 Iesu
466 1740 613 1773 Christo
632 1740 678 1773 ad
699 1740 917 1781 dignitatem
936 1738 1005 1772 filii
1024 1740 1094 1772 Dei
1112 1744 1250 1773 evecto.

190 1811 196 1819 .
216 1789 272 1819 37.
299 1786 475 1819 Eamdem
495 1787 647 1826 gratiam
667 1786 911 1818 demonstrari
929 1796 977 1818 ex
995 1797 1049 1824 eo,
1078 1787 1172 1828 quod
1192 1790 1247 1820 est
1265 1786 1464 1819 secundum

248 1832 426 1866 hominem
438 1834 614 1866 nativitas
634 1832 770 1865 Christi
793 1833 836 1864 de
858 1833 990 1871 spiritu
1010 1843 1037 1863 S.

215 1881 270 1912 33.
297 1878 418 1911 Iesum
439 1877 625 1911 Christum
648 1883 773 1909 natum
798 1888 877 1909 esse
903 1889 972 1909 non
993 1878 1046 1910 sic
1072 1879 1115 1911 de
1140 1879 1274 1922 spiritu
1301 1889 1328 1910 s.
1355 1881 1393 1909 nt
1421 1877 1464 1910 de

243 1928 361 1966 patre,
389 1924 453 1957 sed
471 1924 523 1956 sic
542 1924 585 1956 de
604 1924 721 1956 Maria
740 1927 779 1955 nt
798 1923 842 1954 de
863 1926 989 1956 matre.

215 1972 270 2004 39.
298 1970 383 2002 Non
409 1970 589 2012 quidquid
615 1970 657 2002 de
682 1968 806 2011 aliqua
826 1980 864 2002 re
884 1970 1066 2009 nascitur,
1101 1971 1179 2004 eius
1195 1969 1308 2003 filium
1331 1980 1466 2002 nuncu-

246 2018 403 2059 pandum
420 2027 513 2049 csse.

216 2067 270 2095 412.
302 2064 467 2097 Modum,
495 2073 562 2104 quo
585 2061 753 2094 Christus
775 2064 882 2094 natus
907 2066 965 2095 est
985 2063 1028 2095 de
1049 2064 1183 2105 spiritu
1204 2074 1252 2101 s.‚
1276 2063 1465 2094 insinnare

249 2111 353 2142 nobis
372 2110 526 2150 gratiam
547 2109 725 2146 divinam,
752 2118 821 2151 qua
840 2109 915 2151 ipsi
934 2120 1003 2152 per
1023 2110 1195 2152 spiritum
1214 2109 1287 2142 Dei
1302 2107 1366 2140 filii
1385 2108 1465 2140 fieri

246 2167 451 2199 possumus.
