1503 2465
316 136 710 179 ENCHIRIDION
739 137 816 177 AD
845 137 1137 178 LAURENT.
1304 135 1383 177 239

70 225 328 264 voluntates
358 236 480 271 suas,
507 224 662 275 utique
691 222 856 271 bonas,
879 223 1036 274 implet
1061 233 1140 276 per
1165 221 1383 262 malorum

71 279 299 320 hominum
319 279 575 318 voluntates
597 278 758 317 malas:
791 279 908 317 sieut
931 290 1011 330 per
1029 278 1221 317 Iudaeos
1247 278 1383 317 male-

71 336 203 375 volos
229 335 348 374 bona
371 334 603 373 voluntate
631 333 770 386 patris
786 345 867 385 pro
890 334 1018 373 nobis
1039 332 1243 374 Christus
1265 333 1382 372 orci-

72 404 147 431 sus
170 396 258 440 est3
294 390 413 443 quod
440 396 610 429 tantum
634 390 801 428 bonum
828 388 997 428 factum
1017 394 1106 438 est,
1131 395 1180 429 ut
1200 395 1382 441 aposto-

71 447 142 486 lus
162 446 324 485 Petrus
344 445 586 498 quandoid
615 446 709 485 fieri
734 445 942 493 nolebat,
978 450 1159 484 satanas
1184 445 1237 484 ab
1265 446 1381 497 ipso,

72 503 146 556 qui
168 501 313 541 occidi
336 506 532 550 venerat,
553 501 794 541 diceretur.
813 502 848 550 ι)
910 501 1052 549 Quam
1076 502 1221 540 bonae
1247 501 1380 554 adpa-

71 558 231 597 rebant
246 557 500 596 voluntates
521 557 692 609 piorum
715 556 928 606 fidelium,
950 557 1023 610 qui
1043 556 1258 596 nolebant
1276 568 1381 610 apo-

71 613 238 652 stolum
263 612 449 652 Paulum
475 612 761 652 Hierusalem
788 624 1003 665 pergere,
1036 624 1089 651 ne
1115 612 1177 651 ibi
1206 618 1382 664 patere-

68 674 142 708 tur
173 668 309 717 mala,
350 680 463 720 quae
496 668 675 720 Agabus
718 667 940 721 propheta
977 667 1289 720 praedixerat3
1336 672 1382 708 et

67 730 218 764 tamen
237 724 360 763 Deus
382 722 491 763 haec
517 725 641 763 illum
667 725 758 777 pati
773 724 955 764 volebat
975 736 1052 776 pro
1075 724 1382 764 adnuntianda

69 780 156 819 fide
184 778 373 827 Christi,
409 792 625 819 exercens
652 786 896 832 martyrem
921 778 1104 819 Christi.
1122 781 1162 829 ²)
1222 778 1378 832 Neque

66 837 198 875 istam
220 835 384 874 bonam
404 837 680 875 voluntatem
700 849 823 874 suam
842 835 1044 889 implevit
1064 847 1144 888 per
1163 833 1378 875 Christia-

69 903 226 930 norum
252 891 508 931 voluntates
527 891 690 939 bonas,
725 891 804 930 sed
825 903 904 943 per
923 890 1191 931 Iudaeorum
1215 892 1375 941 malas3

70 953 114 986 et
134 947 189 986 ad
209 958 308 986 eum
331 947 479 999 potius
500 946 786 1000 pertinebant
803 949 875 1000 qui
896 947 1132 996 nolebant,
1162 947 1280 1000 quod
1301 960 1376 985 vo·

69 1002 216 1051 lebat,
236 1014 366 1055 quam
385 1002 471 1051 illi,
499 1015 578 1055 per
597 1015 708 1055 quos
729 1003 934 1042 volentes
953 1002 1120 1042 factum
1141 1009 1230 1051 est,
1255 1002 1376 1055 quod

69 1057 267 1107 volebat,
281 1058 384 1111 quia
398 1059 443 1098 id
462 1059 605 1111 ipsum
621 1058 815 1110 quidem,
836 1059 914 1098 sed
934 1059 1031 1112 ipse
1051 1071 1130 1110 per
1148 1070 1227 1098 eos
1242 1059 1377 1108 bona,

70 1113 136 1153 illi
158 1119 307 1154 autem
326 1114 444 1153 mala
464 1114 696 1153 voluntate
716 1112 935 1153 fecerunt.

127 1169 174 1208 C.
196 1169 285 1208 Cll.
348 1169 437 1210 Sed
464 1169 772 1222 quantaelibet
798 1170 887 1209 sint
915 1170 1171 1209 voluntates
1202 1170 1274 1209 vel
1305 1181 1381 1209 an-

72 1224 277 1278 gelorum
306 1225 375 1264 rel
401 1223 650 1274 hominum,
686 1225 757 1264 vel
783 1225 1006 1264 bonorum
1037 1226 1109 1265 vel
1143 1226 1379 1275 malorum,

72 1280 144 1319 vel
161 1280 273 1319 illud
295 1281 411 1334 quod
431 1280 576 1329 Deus,
616 1280 687 1319 vel
712 1280 833 1320 aliud
859 1281 1064 1321 volentes
1092 1293 1221 1334 quam
1240 1281 1380 1330 Deus,

74 1337 396 1388 omnipotentis
418 1336 626 1375 voluntas
645 1336 728 1375 Dei
751 1348 927 1389 semper
952 1336 1121 1376 invicta
1145 1343 1232 1387 est,
1267 1349 1380 1390 quae

71 1392 189 1431 mala
215 1404 315 1431 esse
344 1404 581 1444 numquam
606 1397 775 1445 potest,
812 1392 917 1445 quia
942 1393 1077 1432 etiam
1103 1406 1237 1446 quum
1264 1393 1382 1433 mala

70 1447 266 1501 irrogat,
303 1448 422 1487 iusta
440 1454 531 1497 est,
566 1453 610 1487 et
630 1447 834 1501 profecto
860 1460 973 1500 quae
999 1448 1117 1488 iusta
1140 1454 1230 1498 est,
1265 1449 1382 1489 mala

72 1516 161 1542 non
199 1509 281 1542 est.
356 1503 499 1543 Deus
534 1504 704 1557 igitur
738 1505 1096 1556 omnipotens,
1142 1506 1255 1545 sive
1289 1517 1382 1558 per

71 1558 508 1599 misericordiam
538 1559 688 1599 cuius
722 1559 836 1598 vult
867 1560 1213 1609 misereatur,
1263 1562 1380 1600 sive

72 1627 163 1668 per
191 1615 452 1654 iudicium
480 1627 628 1667 quem
653 1614 765 1654 vult
790 1615 1042 1665 obduret,
1078 1628 1171 1656 nec
1198 1616 1380 1669 iniquo

73 1671 278 1723 aliquid
311 1669 469 1718 facit,
517 1683 613 1710 nec
645 1671 752 1710 nisi
778 1671 964 1710 volens
991 1671 1276 1725 quidquam
1302 1671 1381 1712 fa-

73 1727 172 1774 cit,
198 1731 249 1765 et
278 1726 451 1765 omnia
476 1738 844 1779 quaecumque
871 1727 983 1766 vult
1012 1726 1159 1767 facit.

129 1782 176 1820 C.
206 1781 316 1821 Clli.
376 1784 435 1821 Ae
470 1794 548 1835 per
581 1781 667 1821 hoc
700 1795 831 1835 quum
864 1782 1067 1823 audimus
1100 1789 1144 1823 et
1168 1785 1212 1824 in
1239 1778 1382 1824 §acris

73 1836 218 1877 literis
238 1837 507 1890 legimus3),
545 1837 663 1891 quod
684 1838 793 1877 velit
820 1850 973 1879 omnes
1001 1838 1205 1879 homines
1230 1839 1381 1879 salvos

75 1893 194 1941 fieri,
221 1895 420 1946 quamvis
437 1899 606 1932 certum
628 1895 687 1933 sit
706 1895 854 1941 nobis,
891 1907 976 1933 non
1000 1908 1153 1934 omnes
1177 1894 1380 1934 homines

75 1948 225 1987 salvos
247 1949 361 1998 fieri,
399 1962 486 1987 non
508 1955 652 1988 tamen
674 1950 776 1988 ideo
797 1950 1010 1990 debemus
1040 1951 1380 2002 omnipotentis-

76 2004 216 2043 simae
234 2003 320 2043 Dei
341 2004 557 2044 voluntati
581 2005 748 2057 aliquid
769 2006 1007 2058 derogare,
1035 2006 1115 2045 sed
1134 2006 1197 2045 ita
1215 2006 1380 2045 intelli-

76 2071 184 2111 gere
213 2060 334 2112 qnod
360 2061 572 2112 scriptum
600 2067 686 2100 est:
724 2059 798 2112 qni
819 2075 960 2100 omnes
985 2061 1176 2101 homines
1197 2062 1282 2100 vult
1299 2063 1378 2101 sal-

78 2115 280 2168 vosfieri,
314 2121 539 2169 tamquam
559 2117 804 2165 diceretur,
844 2117 1010 2156 nullum
1032 2116 1255 2157 hominem
1284 2118 1381 2157 fieri

128 2238 159 2277 l)
174 2235 230 2269 Cf.
245 2235 375 2270 Matth.
400 2239 449 2276 16,
467 2241 521 2271 21.
541 2249 587 2271 ss.
615 2237 651 2281 2)
667 2237 814 2271 CfAct.
832 2241 886 2278 21,
910 2242 961 2271 10.
981 2250 1028 2271 ss.
1055 2239 1092 2282 3)
1113 2238 1156 2272 V.
1173 2238 1378 2276 1Tim.2‚4.
