1503 2465
549 96 943 137 1³!{AEFA¹.110
1373 107 1405 136 τ’

94 185 269 245 logiam
293 185 583 245 exegeticam
619 193 664 229 et
693 183 1030 245 dogmaticamg
1069 182 1186 227 liber
1210 192 1405 243 quartus

93 254 306 296 continet
336 255 534 311 primam
572 253 852 297 Latinorum
880 251 1219 297 homile-*ticam
1300 252 1404 297 Hoc

91 336 229 379 opuS‚
270 322 392 380 quod
426 323 567 365 initio
598 337 820 384 magnum
855 329 901 366 et
941 321 1144 366 arduum
1183 329 1321 365 vocat
1357 334 1403 367 et

91 389 156 433 ad
178 390 504 434 sustznemlmn
530 387 652 447 clrffi
654 360 752 447 ile,
789 388 1098 434 inchoaverat
1122 390 1260 447 paulo
1297 399 1403 449 post

89 465 356 517 susceptum
403 462 719 518 episcopatum
764 461 795 503 i.
837 475 873 502 e.
924 459 1048 502 circa
1079 474 1254 502 annum
1289 456 1400 503 Chr.

88 525 217 582 397„
242 528 309 569 uti
337 542 395 570 ex
420 526 625 571 Retract.
648 527 696 583 2,
717 529 758 572 6.
785 526 995 586 adparet,
1021 535 1067 571 et
1086 542 1226 585 quum
1252 542 1400 586 usque

85 593 143 638 ad
176 610 272 654 cap.
306 595 386 638 25.
422 596 529 639 libri
577 594 656 638 lli.
701 595 1027 656 perduxisset,
1082 596 1399 655 interruptum

86 672 183 720 est,
211 672 258 707 et
278 665 494 708 relictum
519 665 860 724 imperfectum.
933 664 1096 724 Neque
1124 673 1281 708 tamen
1308 680 1399 724 quo

85 733 242 777 minus
275 733 324 777 in
360 732 596 792 publicum
632 735 858 778 continuo
892 733 1103 792 prodiret
1133 734 1287 791 potuit
1310 735 1398 776 im-

85 800 270 861 pedire3
307 817 452 861 quare
477 803 616 847 etiam
642 803 691 846 in
716 802 846 846 libris
874 810 1037 846 contra
1054 801 1281 846 Faustum
1307 803 1396 846 cir-

87 871 206 914 citer
239 886 277 914 a.
309 870 421 914 400.
456 873 738 931 conscriptis
773 873 826 928 (l.
859 871 939 915 22.
978 888 1015 915 c.
1048 872 1153 928 91.)
1193 872 1296 930 ipse
1341 870 1400 914 ad

84 937 172 983 hoc
215 942 505 998 provocavit.
578 939 672 985 Sed
706 949 861 985 aetate
893 955 1111 998 suprema
1151 955 1292 999 quum
1342 940 1401 984 ad

85 1008 232 1052 libros
257 1024 367 1053 suos
393 1010 803 1072 recognoscendos
826 1009 1102 1065 accederet,
1142 1025 1235 1053 non
1263 1009 1398 1053 modo

84 1076 192 1121 libri
217 1080 343 1122 tertii
375 1086 552 1137 partem
586 1081 841 1139 reliquam,
887 1078 968 1122 sed
1006 1080 1148 1123 ctiam
1180 1087 1400 1138 quartum

85 1146 274 1202 adiecit,
301 1155 347 1191 et
371 1148 437 1190 sie
462 1155 607 1192 totum
633 1147 852 1201 absolvit,
880 1164 1003 1192 anno
1025 1150 1139 1192 426.
1165 1158 1245 1192 aut
1269 1147 1399 1201 427„

84 1217 152 1259 uti
189 1215 470 1260 concludere
503 1217 615 1262 lieet
644 1233 702 1261 ex
741 1219 849 1261 libri
879 1216 950 1260 lv.
977 1233 1074 1276 cap.
1094 1216 1198 1273 24„
1244 1217 1326 1260 ubi
1351 1219 1399 1261 in

83 1282 430 1329 Mauretaniam
464 1284 827 1331 caesareensem
863 1288 954 1330 iter
986 1287 1123 1330 annis
1156 1294 1262 1330 octo
1288 1295 1399 1329 ante

81 1352 261 1397 factum
306 1353 361 1397 ab
408 1355 506 1414 ipso
544 1363 947 1400 commemoratur.
1023 1353 1089 1398 Cf.
1125 1353 1306 1399 Possid.
1341 1354 1397 1398 de

81 1420 310 1485 vitaAug.
338 1424 466 1467 028.
505 1423 574 1466 Ad
598 1423 765 1468 horum
790 1425 936 1486 igitur
960 1423 1187 1468 librorum
1211 1431 1397 1467 textum

79 1492 511 1552 recognoscendum
569 1495 615 1537 in
665 1509 802 1538 usum
844 1494 1117 1537 vocavimus
1164 1493 1396 1537 editiones

78 1558 183 1603 has:
226 1558 269 1604 l.
302 1559 400 1605 ΙοΙι.
425 1559 751 1614 Auem-bachii,
784 1578 900 1622 quae
927 1569 1000 1605 est
1023 1563 1174 1620 prima
1200 1577 1395 1621 operum

77 1628 335 1690 Augustini
361 1632 500 1673 tomis
527 1629 621 1687 ΧΙ,
667 1640 808 1691 atque
835 1639 1058 1675 accurate
1084 1645 1142 1674 ex
1168 1630 1276 1675 Mss.
1311 1630 1391 1673 de-

77 1700 251 1757 scripta
277 1707 323 1741 et
347 1701 472 1742 notis
498 1700 772 1759 quibusdam
797 1708 845 1743 et
867 1700 1253 1744 conclusionibus
1288 1701 1390 1744 sive

76 1768 352 1811 veritatibus
387 1767 630 1813 Francisci
662 1768 871 1812 Maronis
920 1768 978 1812 ad
1009 1771 1273 1829 marginem
1307 1768 1389 1813 ad-

74 1837 264 1894 scriptis
308 1846 475 1881 ornata
522 1838 695 1896 prodiit
738 1836 953 1881 Basileae
999 1837 1389 1895 1504—15oo.;

74 1904 122 1947 in
149 1913 274 1948 tomo
300 1903 377 1947 lv.
404 1906 510 1950 libri
539 1907 591 1949 de
619 1907 834 1951 doctrina
859 1905 1030 1951 Christ.
1066 1909 1385 1951 continentur.

71 1968 253 2017 Deinde
275 1973 319 2016 2.
346 1973 600 2021 Desideria·
619 1974 827 2027 Erasmi,
854 1991 971 2035 quae
995 1978 1196 2036 primum
1228 1976 1390 2031 1528„

71 2048 169 2085 tum
196 2042 300 2098 „ad
322 2053 534 2087 veterum
563 2045 776 2089 codicum
803 2046 1105 2090 collationem
1127 2055 1234 2105 post
1259 2045 1388 2090 Mar-

74 2110 225 2154 tinum
272 2110 493 2173 Lypsium
541 2115 700 2157 multis
747 2115 796 2157 in
844 2114 961 2159 locis
1009 2130 1188 2160 summo
1227 2114 1386 2159 studio

72 2179 351 2226 emendata*
377 2181 519 2227 Basil.
546 2183 669 2242 apud
694 2183 956 2230 Frobenios
981 2183 1150 2230 fratres
1177 2200 1217 2229 a.
1238 2182 1379 2229 1569.
