1503 2465
127 109 208 147 222
492 103 726 146 AURELH
756 102 1072 143 AUGUSTIM

129 191 243 230 citer
262 190 315 230 de
336 194 493 228 nostra
509 187 693 226 miseria
712 187 976 235 iudicantes,
1007 192 1050 226 et
1067 186 1209 227 Deum
1231 188 1433 237 caritate,

129 259 258 299 quam
280 245 464 284 donavit
482 245 600 295 ipse,
627 243 869 295 diligentes
891 243 961 295 pie
979 248 1193 296 recteque
1219 244 1434 282 vivamus.

130 301 261 350 Quod
302 301 517 339 iudicium
560 304 604 337 et
644 299 875 337 caritatem
914 298 996 338 Dei
1032 311 1164 350 quum
1200 297 1435 338 Pharisaei

129 357 452 410 praeterirent,
485 353 768 393 decimabant
793 359 940 392 tamen
971 361 1153 406 propter
1182 354 1433 406 eleemosy-

129 426 222 460 nas,
253 424 361 464 quas
379 409 620 456 faciebant,
648 409 783 448 etiam
806 421 1008 462 quaeque
1029 410 1326 449 minutissima
1344 409 1433 448 fru-

129 474 276 507 etuum
297 478 495 514 suorum,
526 471 569 503 et
586 464 690 503 ideo
714 477 799 503 non
820 465 983 503 (labant
1003 465 1315 517 eleemosynas
1339 477 1363 503 a
1385 477 1432 504 se

130 523 411 576 incipientes,
433 532 673 572 secumque
693 520 815 572 prius
834 520 1191 559 misericordiam
1211 519 1432 560 facientes

131 577 269 631 [siout
293 579 366 617 isti
397 590 472 616 eas
498 576 665 615 dandas
690 574 884 628 putant}
947 576 1139 628 Propter
1163 588 1292 628 quem
1323 576 1431 615 dile-

129 634 291 673 ctionis
312 634 515 672 ordinem
535 631 702 670 dictum
724 637 816 670 est:
849 629 1277 683 Dz'ligesproximmn
1298 638 1430 680 titum,

128 696 347 741 tamqnam
382 696 421 727 te
453 687 605 740 ipsum.
625 689 662 736 ¹)
725 687 866 733 Quum
896 699 1004 739 ergo
1031 688 1311 739 increpasset
1336 699 1429 735 eos,

128 745 245 797 quod
267 744 520 783 forinsecus
547 755 594 781 se
619 742 852 790 lavabant,
888 742 1007 781 intus
1036 750 1183 781 autem
1207 744 1361 794 rapina
1388 747 1432 782 et

127 801 363 853 iniquitate
391 799 509 851 pleni
542 807 713 845 essent,
755 798 999 836 admonens
1026 798 1213 851 quadam
1238 798 1431 837 eleemo-

128 868 254 908 syna,
282 868 411 908 quam
431 854 517 893 sibi
537 852 669 892 homo
690 853 825 893 debet
844 853 1046 905 primitus
1067 853 1188 902 dare,
1213 853 1433 893 interiora.

126 911 352 950 mundari:
405 909 560 949 Verum
580 916 740 956 tamen,
775 909 939 961 inquit,
971 909 1085 961 qnod
1099 915 1302 962 superest,
1333 909 1431 947 dale

127 968 445 1020 eleemosynam,
466 971 507 1004 et
526 977 619 1003 eece
637 963 779 1003 omnia
798 964 956 1003 mimda
974 971 1075 1003 sunt
1093 964 1220 1003 vobis.
1255 963 1430 1003 Deinde

127 1028 177 1062 ut
198 1022 482 1070 ostenderet,
504 1020 608 1073 quid
629 1019 958 1067 admonuisset,
988 1025 1032 1058 et
1050 1021 1154 1072 quid
1174 1020 1257 1071 ipsi
1279 1019 1429 1058 faeere

127 1090 215 1117 non
235 1083 462 1123 curarent,
490 1088 544 1114 ne
562 1076 686 1114 illum
713 1080 919 1128 putarent
938 1087 1090 1114 eorum
1118 1076 1430 1128 eleemosynas

126 1135 356 1187 ignorare:
393 1132 477 1171 Sed
500 1130 728 1177 movebis,
763 1131 984 1182 inquit2),
1019 1130 1289 1177 Pharis-(teis,
1324 1137 1430 1169 tam-

129 1202 256 1243 quam
284 1190 474 1228 diceret:
526 1200 610 1239 ego
640 1186 818 1239 quidem
853 1188 1107 1226 commonui.
1132 1200 1213 1226 vos
1239 1187 1430 1225 eleemo-

129 1258 283 1298 synam
311 1244 519 1290 dandam,
559 1255 636 1295 pei·
665 1255 794 1295 quam
820 1242 946 1281 vobis
975 1242 1139 1281 munda
1157 1243 1246 1281 sint
1266 1242 1429 1289 omnia,

126 1300 200 1340 sed
217 1313 289 1339 vae
310 1299 441 1347 vobis,
476 1298 548 1351 qui
567 1297 786 1337 decimatis
805 1304 991 1336 mentam
1017 1304 1059 1336 et
1080 1304 1222 1336 rutam
1245 1304 1288 1336 et
1310 1309 1430 1335 omne

129 1356 246 1404 olas;
278 1354 356 1394 lias
378 1355 493 1394 enim
514 1354 614 1393 novi
639 1354 951 1405 eleemosynas
971 1361 1167 1402 vestras,
1193 1365 1245 1392 ne
1266 1352 1319 1391 de
1338 1352 1430 1391 illis

127 1423 198 1452 me
223 1423 336 1450 nunc
363 1423 441 1450 vos
464 1409 751 1448 admonuisse
778 1409 1077 1458 arbitremini3
1119 1415 1161 1448 et
1179 1406 1430 1461 praeteritis

126 1466 330 1506 iudicium
358 1473 398 1506 et
426 1464 653 1505 caritatem
671 1462 775 1512 Dei,
812 1476 898 1516 qua
922 1464 1213 1516 eleemosyna
1238 1463 1431 1516 possetis

129 1524 185 1562 ab
221 1522 336 1562 omni
370 1521 706 1574 inquinamento
740 1520 947 1559 interiori
975 1519 1198 1567 mundari,
1233 1526 1281 1558 ut
1303 1519 1431 1557 vobis

128 1578 292 1618 munda
319 1582 470 1617 essent
495 1582 538 1615 et
565 1588 757 1628 corpora
775 1587 886 1627 quae
910 1575 1093 1625 lavatis3
1127 1574 1210 1614 hoe
1228 1580 1296 1613 est
1314 1576 1431 1613 enim

130 1633 296 1682 omnia,
322 1638 366 1672 et
389 1632 610 1671 interiora
634 1631 812 1670 seilicet
836 1636 880 1669 et
908 1631 1154 1680 exteriora3
1188 1631 1304 1669 sieut
1322 1629 1432 1668 alibi

129 1689 368 1742 legitur³):
389 1686 598 1727 Mzmdate
617 1699 723 1740 quae
740 1685 854 1726 intas
872 1692 983 1734 siml,
1004 1693 1045 1725 et
1065 1684 1298 1741 quaeforis
1316 1691 1429 1733 sunt,

130 1745 287 1784 mimda
307 1750 445 1783 erunt.
509 1742 597 1782 Sed
620 1754 671 1781 ne
692 1744 802 1781 istas
824 1742 1160 1794 eleemosynas,
1190 1752 1302 1793 qnae
1322 1741 1432 1779 fiunt

131 1800 185 1839 de
212 1799 432 1839 fructibus
458 1804 627 1846 terrae,
663 1798 891 1849 respuisse
913 1798 1164 1836 videretur:
1200 1795 1342 1844 Haec,
1368 1797 1430 1834 in-

131 1858 249 1908 quit,
285 1852 665 1908 oportnilfaeere‚
705 1853 750 1892 id
772 1858 859 1900 est,
893 1853 1108 1892 iudicium
1131 1857 1176 1892 et
1200 1852 1433 1891 caritatem

130 1911 236 1959 Dei,
273 1917 315 1950 et
333 1909 405 1949 illa
431 1922 516 1948 non
540 1908 753 1957 omittere,
790 1909 837 1948 id
867 1914 959 1958 est,
995 1908 1309 1960 eleemosynas
1343 1906 1433 1945 fru-

132 1976 279 2006 etuum
299 1972 596 2005 terrenorum.

188 2022 235 2060 C.
264 2020 487 2061 LXXVII.
548 2018 646 2059 Non
674 2031 782 2071 ergo
809 2031 856 2058 se
882 2018 1061 2065 fallant,
1096 2018 1167 2072 qui
1205 2030 1282 2071 pei·
1316 2016 1433 2056 elee-

130 2090 343 2129 mosynas
360 2076 583 2129 quaslibet
602 2075 880 2127 largissimas
902 2074 1124 2114 fructuum
1146 2087 1343 2121 suornm,
1362 2071 1434 2111 vel

184 2199 217 2241 1)
238 2199 296 2232 Cf.
314 2199 399 2230 Luc.
425 2200 474 2235 10,
493 2198 546 2229 27.
595 2195 632 2238 2)
652 2195 739 2228 Luc.
762 2198 811 2234 ll,
831 2197 884 2228 42.
934 2195 970 2237 3)
991 2195 1049 2228 Cf.
1070 2193 1202 2229 Matth.
1220 2197 1274 2233 23,
1292 2195 1346 2226 26.
