<?xml version="1.0" encoding="UTF-8"?>
<!DOCTYPE html PUBLIC "-//W3C//DTD XHTML 1.0 Transitional//EN"
    "http://www.w3.org/TR/xhtml1/DTD/xhtml1-transitional.dtd">
<html xmlns="http://www.w3.org/1999/xhtml" xml:lang="en" lang="en">
 <head>
  <title>
</title>
<meta http-equiv="Content-Type" content="text/html;charset=utf-8" />
  <meta name='ocr-system' content='tesseract 3.04.00' />
  <meta name='ocr-capabilities' content='ocr_page ocr_carea ocr_par ocr_line ocrx_word'/>
</head>
<body>
  <div class='ocr_page' id='page_1' title='image "./dedoctrinachrist00augu_0102.png"; bbox 0 0 1503 2465; ppageno 0'>
   <div class='ocr_carea' id='block_1_1' title="bbox 159 105 1105 150">
    <p class='ocr_par' dir='ltr' id='par_1_1' title="bbox 159 105 1105 150">
     <span class='ocr_line' id='line_1_1' title="bbox 159 105 1105 150; baseline 0.007 -6"><span class='ocrx_word' id='word_1_1' title='bbox 159 105 212 144; x_wconf 80' lang='lat'>64</span> <span class='ocrx_word' id='word_1_2' title='bbox 515 105 752 145; x_wconf 83' lang='lat' dir='ltr'><strong>AURELII</strong></span> <span class='ocrx_word' id='word_1_3' title='bbox 780 107 1105 150; x_wconf 77' lang='lat' dir='ltr'><strong>AUGUSTINI</strong></span> 
     </span>
    </p>
   </div>
   <div class='ocr_carea' id='block_1_2' title="bbox 149 189 1463 2140">
    <p class='ocr_par' dir='ltr' id='par_1_2' title="bbox 154 189 1463 350">
     <span class='ocr_line' id='line_1_2' title="bbox 155 189 1462 251; baseline 0.007 -22"><span class='ocrx_word' id='word_1_4' title='bbox 155 196 289 242; x_wconf 86' lang='lat' dir='ltr'>atque</span> <span class='ocrx_word' id='word_1_5' title='bbox 311 189 503 239; x_wconf 80' lang='lat' dir='ltr'>utiliter3</span> <span class='ocrx_word' id='word_1_6' title='bbox 537 189 641 229; x_wconf 85' lang='lat' dir='ltr'>libri</span> <span class='ocrx_word' id='word_1_7' title='bbox 665 195 814 230; x_wconf 90' lang='lat' dir='ltr'>autem</span> <span class='ocrx_word' id='word_1_8' title='bbox 839 189 1146 245; x_wconf 81' lang='lat' dir='ltr'>haruspicum,</span> <span class='ocrx_word' id='word_1_9' title='bbox 1186 202 1231 236; x_wconf 83' lang='lat' dir='ltr'>et</span> <span class='ocrx_word' id='word_1_10' title='bbox 1260 210 1462 251; x_wconf 85' lang='lat' dir='ltr'>quaeque</span> 
     </span>
     <span class='ocr_line' id='line_1_3' title="bbox 155 244 1463 295; baseline 0.008 -11"><span class='ocrx_word' id='word_1_11' title='bbox 155 245 326 285; x_wconf 82' lang='lat' dir='ltr'>similes</span> <span class='ocrx_word' id='word_1_12' title='bbox 349 245 509 285; x_wconf 89' lang='lat' dir='ltr'>literae</span> <span class='ocrx_word' id='word_1_13' title='bbox 529 244 737 285; x_wconf 90' lang='lat' dir='ltr'>facienda</span> <span class='ocrx_word' id='word_1_14' title='bbox 757 246 825 285; x_wconf 87' lang='lat' dir='ltr'>vel</span> <span class='ocrx_word' id='word_1_15' title='bbox 841 247 1121 289; x_wconf 85' lang='lat' dir='ltr'>observanda</span> <span class='ocrx_word' id='word_1_16' title='bbox 1137 253 1463 295; x_wconf 88' lang='lat' dir='ltr'>intenduntdo-</span> 
     </span>
     <span class='ocr_line' id='line_1_4' title="bbox 154 301 1161 350; baseline 0.007 -11"><span class='ocrx_word' id='word_1_17' title='bbox 154 313 272 350; x_wconf 84' lang='lat' dir='ltr'>cere,</span> <span class='ocrx_word' id='word_1_18' title='bbox 293 302 531 341; x_wconf 87' lang='lat' dir='ltr'>monitoris</span> <span class='ocrx_word' id='word_1_19' title='bbox 549 301 751 350; x_wconf 87' lang='lat' dir='ltr'>audacia,</span> <span class='ocrx_word' id='word_1_20' title='bbox 770 314 859 341; x_wconf 85' lang='lat' dir='ltr'>non</span> <span class='ocrx_word' id='word_1_21' title='bbox 877 303 1039 343; x_wconf 86' lang='lat' dir='ltr'>indicis</span> <span class='ocrx_word' id='word_1_22' title='bbox 1060 306 1161 347; x_wconf 82' lang='lat' dir='ltr'>fide.</span> 
     </span>
    </p>

    <p class='ocr_par' dir='ltr' id='par_1_3' title="bbox 149 356 1462 2140">
     <span class='ocr_line' id='line_1_5' title="bbox 209 356 1461 406; baseline 0.008 -10"><span class='ocrx_word' id='word_1_23' title='bbox 209 356 256 396; x_wconf 90' lang='lat' dir='ltr'>C.</span> <span class='ocrx_word' id='word_1_24' title='bbox 282 356 447 397; x_wconf 80' lang='lat' dir='ltr'>XXIX.</span> <span class='ocrx_word' id='word_1_25' title='bbox 506 357 588 396; x_wconf 85' lang='lat' dir='ltr'>Est</span> <span class='ocrx_word' id='word_1_26' title='bbox 613 359 747 396; x_wconf 89' lang='lat' dir='ltr'>etiam</span> <span class='ocrx_word' id='word_1_27' title='bbox 770 360 971 398; x_wconf 87' lang='lat' dir='ltr'>narratio</span> <span class='ocrx_word' id='word_1_28' title='bbox 997 361 1373 404; x_wconf 77' lang='lat' dir='ltr'>demonstrationi</span> <span class='ocrx_word' id='word_1_29' title='bbox 1405 367 1461 406; x_wconf 88' lang='lat' dir='ltr'>si-</span> 
     </span>
     <span class='ocr_line' id='line_1_6' title="bbox 151 412 1462 467; baseline 0.009 -17"><span class='ocrx_word' id='word_1_30' title='bbox 151 412 291 461; x_wconf 88' lang='lat' dir='ltr'>milis,</span> <span class='ocrx_word' id='word_1_31' title='bbox 318 424 405 465; x_wconf 88' lang='lat' dir='ltr'>qua</span> <span class='ocrx_word' id='word_1_32' title='bbox 425 424 514 452; x_wconf 88' lang='lat' dir='ltr'>non</span> <span class='ocrx_word' id='word_1_33' title='bbox 531 413 796 465; x_wconf 85' lang='lat' dir='ltr'>praeterita,</span> <span class='ocrx_word' id='word_1_34' title='bbox 825 415 905 454; x_wconf 82' lang='lat' dir='ltr'>sed</span> <span class='ocrx_word' id='word_1_35' title='bbox 922 420 1182 467; x_wconf 80' lang='lat' dir='ltr'>praesentia</span> <span class='ocrx_word' id='word_1_36' title='bbox 1204 420 1462 461; x_wconf 83' lang='lat' dir='ltr'>indicantur</span> 
     </span>
     <span class='ocr_line' id='line_1_7' title="bbox 150 467 1459 526; baseline 0.008 -20"><span class='ocrx_word' id='word_1_37' title='bbox 150 469 338 520; x_wconf 86' lang='lat' dir='ltr'>ignaris.</span> <span class='ocrx_word' id='word_1_38' title='bbox 397 467 447 507; x_wconf 90' lang='lat' dir='ltr'>In</span> <span class='ocrx_word' id='word_1_39' title='bbox 470 480 556 521; x_wconf 90' lang='lat' dir='ltr'>quo</span> <span class='ocrx_word' id='word_1_40' title='bbox 585 480 751 521; x_wconf 81' lang='lat' dir='ltr'>genere</span> <span class='ocrx_word' id='word_1_41' title='bbox 775 475 878 509; x_wconf 89' lang='lat' dir='ltr'>sunt</span> <span class='ocrx_word' id='word_1_42' title='bbox 903 482 1211 526; x_wconf 86' lang='lat' dir='ltr'>quaecumque</span> <span class='ocrx_word' id='word_1_43' title='bbox 1247 476 1301 516; x_wconf 90' lang='lat' dir='ltr'>de</span> <span class='ocrx_word' id='word_1_44' title='bbox 1336 477 1459 517; x_wconf 82' lang='lat' dir='ltr'>loco-</span> 
     </span>
     <span class='ocr_line' id='line_1_8' title="bbox 149 524 1456 581; baseline 0.002 -19"><span class='ocrx_word' id='word_1_45' title='bbox 149 535 249 562; x_wconf 86' lang='lat' dir='ltr'>rum</span> <span class='ocrx_word' id='word_1_46' title='bbox 277 524 383 571; x_wconf 88' lang='lat' dir='ltr'>situ,</span> <span class='ocrx_word' id='word_1_47' title='bbox 414 524 677 576; x_wconf 81' lang='lat' dir='ltr'>naturisque</span> <span class='ocrx_word' id='word_1_48' title='bbox 711 525 990 571; x_wconf 82' lang='lat' dir='ltr'>animalium,</span> <span class='ocrx_word' id='word_1_49' title='bbox 1018 527 1265 581; x_wconf 82' lang='lat' dir='ltr'>lignorum,</span> <span class='ocrx_word' id='word_1_50' title='bbox 1301 531 1456 573; x_wconf 79' lang='lat' dir='ltr'>herba-</span> 
     </span>
     <span class='ocr_line' id='line_1_9' title="bbox 150 578 1458 637; baseline 0.01 -20"><span class='ocrx_word' id='word_1_51' title='bbox 150 591 263 628; x_wconf 91' lang='lat' dir='ltr'>rum,</span> <span class='ocrx_word' id='word_1_52' title='bbox 282 578 496 632; x_wconf 90' lang='lat' dir='ltr'>lapidum,</span> <span class='ocrx_word' id='word_1_53' title='bbox 516 579 762 619; x_wconf 88' lang='lat' dir='ltr'>aliorumve</span> <span class='ocrx_word' id='word_1_54' title='bbox 783 593 1022 633; x_wconf 87' lang='lat' dir='ltr'>corporum</span> <span class='ocrx_word' id='word_1_55' title='bbox 1041 586 1209 637; x_wconf 87' lang='lat' dir='ltr'>scripta</span> <span class='ocrx_word' id='word_1_56' title='bbox 1226 594 1341 628; x_wconf 86' lang='lat' dir='ltr'>sunt.</span> <span class='ocrx_word' id='word_1_57' title='bbox 1388 588 1458 629; x_wconf 84' lang='lat' dir='ltr'>De</span> 
     </span>
     <span class='ocr_line' id='line_1_10' title="bbox 152 635 1459 693; baseline 0.008 -20"><span class='ocrx_word' id='word_1_58' title='bbox 152 646 240 687; x_wconf 88' lang='lat' dir='ltr'>quo</span> <span class='ocrx_word' id='word_1_59' title='bbox 254 646 420 687; x_wconf 83' lang='lat' dir='ltr'>genere</span> <span class='ocrx_word' id='word_1_60' title='bbox 441 635 646 688; x_wconf 88' lang='lat' dir='ltr'>superius</span> <span class='ocrx_word' id='word_1_61' title='bbox 661 637 848 689; x_wconf 82' lang='lat' dir='ltr'>egimus,</span> <span class='ocrx_word' id='word_1_62' title='bbox 860 649 1046 690; x_wconf 84' lang='lat' dir='ltr'>eamque</span> <span class='ocrx_word' id='word_1_63' title='bbox 1062 643 1369 693; x_wconf 82' lang='lat' dir='ltr'>cognitionem</span> <span class='ocrx_word' id='word_1_64' title='bbox 1390 658 1459 683; x_wconf 78' lang='lat' dir='ltr'>va-</span> 
     </span>
     <span class='ocr_line' id='line_1_11' title="bbox 151 694 1460 748; baseline -0.002 -14"><span class='ocrx_word' id='word_1_65' title='bbox 151 696 246 734; x_wconf 89' lang='lat' dir='ltr'>lere</span> <span class='ocrx_word' id='word_1_66' title='bbox 261 694 314 733; x_wconf 82' lang='lat' dir='ltr'>ad</span> <span class='ocrx_word' id='word_1_67' title='bbox 328 696 582 748; x_wconf 75' lang='lat' dir='ltr'>aenigmata</span> <span class='ocrx_word' id='word_1_68' title='bbox 595 695 915 746; x_wconf 81' lang='lat' dir='ltr'>seripturarum</span> <span class='ocrx_word' id='word_1_69' title='bbox 927 695 1144 734; x_wconf 73' lang='lat' dir='ltr'>solvenda</span> <span class='ocrx_word' id='word_1_70' title='bbox 1154 694 1387 733; x_wconf 88' lang='lat' dir='ltr'>docuimus</span> <span class='ocrx_word' id='word_1_71' title='bbox 1403 697 1415 720; x_wconf 86' lang='lat'><strong>¹</strong></span> <span class='ocrx_word' id='word_1_72' title='bbox 1427 698 1460 743; x_wconf 89' lang='lat'>)‚</span> 
     </span>
     <span class='ocr_line' id='line_1_12' title="bbox 153 748 1461 803; baseline -0.002 -13"><span class='ocrx_word' id='word_1_73' title='bbox 153 763 243 790; x_wconf 90' lang='lat' dir='ltr'>non</span> <span class='ocrx_word' id='word_1_74' title='bbox 266 756 313 788; x_wconf 89' lang='lat' dir='ltr'>ut</span> <span class='ocrx_word' id='word_1_75' title='bbox 337 762 416 803; x_wconf 89' lang='lat' dir='ltr'>pro</span> <span class='ocrx_word' id='word_1_76' title='bbox 441 750 705 803; x_wconf 87' lang='lat' dir='ltr'>quibusdam</span> <span class='ocrx_word' id='word_1_77' title='bbox 729 750 871 802; x_wconf 80' lang='lat' dir='ltr'>signis</span> <span class='ocrx_word' id='word_1_78' title='bbox 906 748 1202 789; x_wconf 87' lang='lat' dir='ltr'>adhibeantur</span> <span class='ocrx_word' id='word_1_79' title='bbox 1234 756 1461 801; x_wconf 85' lang='lat' dir='ltr'>tamquam</span> 
     </span>
     <span class='ocr_line' id='line_1_13' title="bbox 155 805 1460 858; baseline -0.002 -12"><span class='ocrx_word' id='word_1_80' title='bbox 155 806 211 846; x_wconf 91' lang='lat' dir='ltr'>ad</span> <span class='ocrx_word' id='word_1_81' title='bbox 223 806 423 845; x_wconf 88' lang='lat' dir='ltr'>remedia</span> <span class='ocrx_word' id='word_1_82' title='bbox 434 806 505 845; x_wconf 63' lang='lat' dir='ltr'>vel</span> <span class='ocrx_word' id='word_1_83' title='bbox 522 805 879 845; x_wconf 88' lang='lat' dir='ltr'>machinamenta</span> <span class='ocrx_word' id='word_1_84' title='bbox 894 806 1230 858; x_wconf 81' lang='lat' dir='ltr'>superstitionis</span> <span class='ocrx_word' id='word_1_85' title='bbox 1247 805 1460 854; x_wconf 88' lang='lat' dir='ltr'>alicuius;</span> 
     </span>
     <span class='ocr_line' id='line_1_14' title="bbox 153 859 1462 914; baseline -0.002 -12"><span class='ocrx_word' id='word_1_86' title='bbox 153 875 255 902; x_wconf 91' lang='lat' dir='ltr'>nam</span> <span class='ocrx_word' id='word_1_87' title='bbox 286 868 330 901; x_wconf 88' lang='lat' dir='ltr'>et</span> <span class='ocrx_word' id='word_1_88' title='bbox 350 862 463 902; x_wconf 89' lang='lat' dir='ltr'>illud</span> <span class='ocrx_word' id='word_1_89' title='bbox 487 874 628 914; x_wconf 79' lang='lat' dir='ltr'>genus</span> <span class='ocrx_word' id='word_1_90' title='bbox 656 862 744 900; x_wconf 83' lang='lat' dir='ltr'>iam</span> <span class='ocrx_word' id='word_1_91' title='bbox 773 860 1031 900; x_wconf 85' lang='lat' dir='ltr'>distinctum</span> <span class='ocrx_word' id='word_1_92' title='bbox 1064 861 1117 900; x_wconf 88' lang='lat' dir='ltr'>ab</span> <span class='ocrx_word' id='word_1_93' title='bbox 1148 859 1232 900; x_wconf 89' lang='lat' dir='ltr'>hoc</span> <span class='ocrx_word' id='word_1_94' title='bbox 1264 861 1391 900; x_wconf 87' lang='lat' dir='ltr'>licito</span> <span class='ocrx_word' id='word_1_95' title='bbox 1416 865 1462 900; x_wconf 83' lang='lat' dir='ltr'>et</span> 
     </span>
     <span class='ocr_line' id='line_1_15' title="bbox 152 917 1462 970; baseline -0.002 -13"><span class='ocrx_word' id='word_1_96' title='bbox 152 918 297 957; x_wconf 89' lang='lat' dir='ltr'>libero</span> <span class='ocrx_word' id='word_1_97' title='bbox 325 918 643 970; x_wconf 74' lang='lat' dir='ltr'>separavimus.</span> <span class='ocrx_word' id='word_1_98' title='bbox 704 917 835 956; x_wconf 79' lang='lat' dir='ltr'>Aliud</span> <span class='ocrx_word' id='word_1_99' title='bbox 863 924 932 956; x_wconf 88' lang='lat' dir='ltr'>est</span> <span class='ocrx_word' id='word_1_100' title='bbox 959 919 1075 955; x_wconf 88' lang='lat' dir='ltr'>enim</span> <span class='ocrx_word' id='word_1_101' title='bbox 1100 917 1273 956; x_wconf 81' lang='lat' dir='ltr'>dicere:</span> <span class='ocrx_word' id='word_1_102' title='bbox 1308 917 1462 956; x_wconf 82' lang='lat' dir='ltr'>tritam</span> 
     </span>
     <span class='ocr_line' id='line_1_16' title="bbox 153 971 1461 1020; baseline -0.001 -8"><span class='ocrx_word' id='word_1_103' title='bbox 153 974 286 1014; x_wconf 86' lang='lat' dir='ltr'>istam</span> <span class='ocrx_word' id='word_1_104' title='bbox 306 971 489 1013; x_wconf 82' lang='lat' dir='ltr'>herbam</span> <span class='ocrx_word' id='word_1_105' title='bbox 509 973 544 1012; x_wconf 90' lang='lat' dir='ltr'>si</span> <span class='ocrx_word' id='word_1_106' title='bbox 566 973 749 1020; x_wconf 88' lang='lat' dir='ltr'>biberis,</span> <span class='ocrx_word' id='word_1_107' title='bbox 776 977 933 1011; x_wconf 73' lang='lat' dir='ltr'>venter</span> <span class='ocrx_word' id='word_1_108' title='bbox 951 985 1039 1011; x_wconf 90' lang='lat' dir='ltr'>non</span> <span class='ocrx_word' id='word_1_109' title='bbox 1061 971 1254 1020; x_wconf 84' lang='lat' dir='ltr'>dolebit,</span> <span class='ocrx_word' id='word_1_110' title='bbox 1274 976 1320 1011; x_wconf 88' lang='lat' dir='ltr'>et</span> <span class='ocrx_word' id='word_1_111' title='bbox 1338 971 1461 1011; x_wconf 85' lang='lat' dir='ltr'>aliud</span> 
     </span>
     <span class='ocr_line' id='line_1_17' title="bbox 155 1027 1461 1080; baseline -0.002 -12"><span class='ocrx_word' id='word_1_112' title='bbox 155 1035 224 1069; x_wconf 90' lang='lat' dir='ltr'>est</span> <span class='ocrx_word' id='word_1_113' title='bbox 243 1028 415 1068; x_wconf 87' lang='lat' dir='ltr'>dicere:</span> <span class='ocrx_word' id='word_1_114' title='bbox 436 1030 568 1068; x_wconf 85' lang='lat' dir='ltr'>istam</span> <span class='ocrx_word' id='word_1_115' title='bbox 589 1028 771 1067; x_wconf 79' lang='lat' dir='ltr'>herbam</span> <span class='ocrx_word' id='word_1_116' title='bbox 787 1028 905 1067; x_wconf 85' lang='lat' dir='ltr'>eollo</span> <span class='ocrx_word' id='word_1_117' title='bbox 927 1028 966 1067; x_wconf 85' lang='lat' dir='ltr'>si</span> <span class='ocrx_word' id='word_1_118' title='bbox 981 1027 1284 1080; x_wconf 87' lang='lat' dir='ltr'>suspenderis,</span> <span class='ocrx_word' id='word_1_119' title='bbox 1303 1033 1461 1066; x_wconf 66' lang='lat' dir='ltr'>venter</span> 
     </span>
     <span class='ocr_line' id='line_1_18' title="bbox 154 1082 1461 1135; baseline -0.002 -11"><span class='ocrx_word' id='word_1_120' title='bbox 154 1098 243 1124; x_wconf 86' lang='lat' dir='ltr'>non</span> <span class='ocrx_word' id='word_1_121' title='bbox 263 1084 447 1124; x_wconf 88' lang='lat' dir='ltr'>dolebit.</span> <span class='ocrx_word' id='word_1_122' title='bbox 504 1084 569 1123; x_wconf 84' lang='lat' dir='ltr'>lbi</span> <span class='ocrx_word' id='word_1_123' title='bbox 590 1085 707 1123; x_wconf 92' lang='lat' dir='ltr'>enim</span> <span class='ocrx_word' id='word_1_124' title='bbox 725 1083 942 1135; x_wconf 87' lang='lat' dir='ltr'>probatur</span> <span class='ocrx_word' id='word_1_125' title='bbox 961 1083 1320 1135; x_wconf 79' lang='lat' dir='ltr'>contemperatio</span> <span class='ocrx_word' id='word_1_126' title='bbox 1344 1082 1461 1122; x_wconf 91' lang='lat' dir='ltr'>salu-</span> 
     </span>
     <span class='ocr_line' id='line_1_19' title="bbox 152 1139 1460 1193; baseline -0.002 -14"><span class='ocrx_word' id='word_1_127' title='bbox 152 1141 266 1188; x_wconf 88' lang='lat' dir='ltr'>bris,</span> <span class='ocrx_word' id='word_1_128' title='bbox 290 1139 362 1179; x_wconf 90' lang='lat' dir='ltr'>hic</span> <span class='ocrx_word' id='word_1_129' title='bbox 387 1140 660 1193; x_wconf 77' lang='lat' dir='ltr'>significatio</span> <span class='ocrx_word' id='word_1_130' title='bbox 686 1139 1002 1192; x_wconf 85' lang='lat' dir='ltr'>superstitiosa</span> <span class='ocrx_word' id='word_1_131' title='bbox 1021 1139 1274 1187; x_wconf 81' lang='lat' dir='ltr'>damnatur3</span> <span class='ocrx_word' id='word_1_132' title='bbox 1311 1150 1460 1190; x_wconf 88' lang='lat' dir='ltr'>quam-</span> 
     </span>
     <span class='ocr_line' id='line_1_20' title="bbox 154 1192 1458 1249; baseline -0.002 -14"><span class='ocrx_word' id='word_1_133' title='bbox 154 1208 285 1249; x_wconf 86' lang='lat' dir='ltr'>quam</span> <span class='ocrx_word' id='word_1_134' title='bbox 305 1196 379 1234; x_wconf 91' lang='lat' dir='ltr'>ubi</span> <span class='ocrx_word' id='word_1_135' title='bbox 397 1196 812 1249; x_wconf 75' lang='lat' dir='ltr'>praecantationes,</span> <span class='ocrx_word' id='word_1_136' title='bbox 848 1200 892 1233; x_wconf 89' lang='lat' dir='ltr'>et</span> <span class='ocrx_word' id='word_1_137' title='bbox 909 1195 1222 1234; x_wconf 65' lang='lat' dir='ltr'>invocationes</span> <span class='ocrx_word' id='word_1_138' title='bbox 1243 1199 1288 1233; x_wconf 86' lang='lat' dir='ltr'>et</span> <span class='ocrx_word' id='word_1_139' title='bbox 1305 1192 1458 1232; x_wconf 87' lang='lat' dir='ltr'>chara-</span> 
     </span>
     <span class='ocr_line' id='line_1_21' title="bbox 155 1251 1458 1303; baseline -0.003 -12"><span class='ocrx_word' id='word_1_140' title='bbox 155 1258 300 1291; x_wconf 83' lang='lat' dir='ltr'>cteres</span> <span class='ocrx_word' id='word_1_141' title='bbox 324 1263 409 1291; x_wconf 87' lang='lat' dir='ltr'>non</span> <span class='ocrx_word' id='word_1_142' title='bbox 429 1258 554 1300; x_wconf 86' lang='lat' dir='ltr'>sunt,</span> <span class='ocrx_word' id='word_1_143' title='bbox 589 1251 848 1303; x_wconf 82' lang='lat' dir='ltr'>plerumque</span> <span class='ocrx_word' id='word_1_144' title='bbox 870 1251 1050 1289; x_wconf 84' lang='lat' dir='ltr'>dubium</span> <span class='ocrx_word' id='word_1_145' title='bbox 1071 1256 1161 1299; x_wconf 86' lang='lat' dir='ltr'>est,</span> <span class='ocrx_word' id='word_1_146' title='bbox 1197 1255 1343 1289; x_wconf 85' lang='lat' dir='ltr'>utrum</span> <span class='ocrx_word' id='word_1_147' title='bbox 1371 1261 1458 1296; x_wconf 85' lang='lat' dir='ltr'>res,</span> 
     </span>
     <span class='ocr_line' id='line_1_22' title="bbox 154 1305 1458 1361; baseline -0.002 -15"><span class='ocrx_word' id='word_1_148' title='bbox 154 1319 267 1360; x_wconf 80' lang='lat' dir='ltr'>quac</span> <span class='ocrx_word' id='word_1_149' title='bbox 289 1306 514 1361; x_wconf 81' lang='lat' dir='ltr'>adligatur</span> <span class='ocrx_word' id='word_1_150' title='bbox 532 1313 607 1346; x_wconf 86' lang='lat' dir='ltr'>aut</span> <span class='ocrx_word' id='word_1_151' title='bbox 626 1319 805 1359; x_wconf 83' lang='lat' dir='ltr'>quoquo</span> <span class='ocrx_word' id='word_1_152' title='bbox 824 1306 958 1345; x_wconf 88' lang='lat' dir='ltr'>modo</span> <span class='ocrx_word' id='word_1_153' title='bbox 979 1306 1239 1358; x_wconf 83' lang='lat' dir='ltr'>adiungitur</span> <span class='ocrx_word' id='word_1_154' title='bbox 1257 1305 1458 1344; x_wconf 89' lang='lat' dir='ltr'>sanando</span> 
     </span>
     <span class='ocr_line' id='line_1_23' title="bbox 154 1360 1458 1415; baseline 0 -14"><span class='ocrx_word' id='word_1_155' title='bbox 154 1362 359 1415; x_wconf 84' lang='lat' dir='ltr'>corpori,</span> <span class='ocrx_word' id='word_1_156' title='bbox 395 1364 437 1401; x_wconf 68' lang='lat' dir='ltr'>vi</span> <span class='ocrx_word' id='word_1_157' title='bbox 459 1368 641 1402; x_wconf 84' lang='lat' dir='ltr'>naturae</span> <span class='ocrx_word' id='word_1_158' title='bbox 662 1363 829 1409; x_wconf 81' lang='lat' dir='ltr'>valeat,</span> <span class='ocrx_word' id='word_1_159' title='bbox 858 1361 977 1414; x_wconf 92' lang='lat' dir='ltr'>quod</span> <span class='ocrx_word' id='word_1_160' title='bbox 995 1361 1137 1400; x_wconf 83' lang='lat' dir='ltr'>libere</span> <span class='ocrx_word' id='word_1_161' title='bbox 1157 1360 1458 1401; x_wconf 85' lang='lat' dir='ltr'>adhibendum</span> 
     </span>
     <span class='ocr_line' id='line_1_24' title="bbox 154 1416 1459 1471; baseline -0.002 -14"><span class='ocrx_word' id='word_1_162' title='bbox 154 1424 244 1467; x_wconf 86' lang='lat' dir='ltr'>est,</span> <span class='ocrx_word' id='word_1_163' title='bbox 281 1430 336 1456; x_wconf 90' lang='lat' dir='ltr'>an</span> <span class='ocrx_word' id='word_1_164' title='bbox 364 1418 662 1471; x_wconf 78' lang='lat' dir='ltr'>significativa</span> <span class='ocrx_word' id='word_1_165' title='bbox 685 1417 872 1470; x_wconf 85' lang='lat' dir='ltr'>quadam</span> <span class='ocrx_word' id='word_1_166' title='bbox 899 1417 1178 1469; x_wconf 77' lang='lat' dir='ltr'>obligatione</span> <span class='ocrx_word' id='word_1_167' title='bbox 1205 1416 1459 1468; x_wconf 81' lang='lat' dir='ltr'>proveniat,</span> 
     </span>
     <span class='ocr_line' id='line_1_25' title="bbox 154 1470 1458 1527; baseline -0.002 -15"><span class='ocrx_word' id='word_1_168' title='bbox 154 1473 274 1526; x_wconf 90' lang='lat' dir='ltr'>quod</span> <span class='ocrx_word' id='word_1_169' title='bbox 298 1479 422 1513; x_wconf 84' lang='lat' dir='ltr'>tanto</span> <span class='ocrx_word' id='word_1_170' title='bbox 451 1473 713 1527; x_wconf 83' lang='lat' dir='ltr'>prudentius</span> <span class='ocrx_word' id='word_1_171' title='bbox 743 1478 923 1525; x_wconf 88' lang='lat' dir='ltr'>oportet</span> <span class='ocrx_word' id='word_1_172' title='bbox 951 1484 1110 1511; x_wconf 77' lang='lat' dir='ltr'>cavere</span> <span class='ocrx_word' id='word_1_173' title='bbox 1140 1470 1458 1519; x_wconf 84' lang='lat' dir='ltr'>Christianum,</span> 
     </span>
     <span class='ocr_line' id='line_1_26' title="bbox 154 1527 1461 1582; baseline -0.002 -14"><span class='ocrx_word' id='word_1_174' title='bbox 154 1535 320 1582; x_wconf 86' lang='lat' dir='ltr'>quanto</span> <span class='ocrx_word' id='word_1_175' title='bbox 350 1530 576 1569; x_wconf 84' lang='lat' dir='ltr'>efficacius</span> <span class='ocrx_word' id='word_1_176' title='bbox 603 1528 817 1582; x_wconf 83' lang='lat' dir='ltr'>prodesse</span> <span class='ocrx_word' id='word_1_177' title='bbox 842 1527 1080 1567; x_wconf 74' lang='lat' dir='ltr'>videbitur.</span> <span class='ocrx_word' id='word_1_178' title='bbox 1141 1527 1228 1567; x_wconf 87' lang='lat' dir='ltr'>Sed</span> <span class='ocrx_word' id='word_1_179' title='bbox 1256 1527 1331 1565; x_wconf 89' lang='lat' dir='ltr'>ubi</span> <span class='ocrx_word' id='word_1_180' title='bbox 1350 1527 1461 1565; x_wconf 85' lang='lat' dir='ltr'>latet</span> 
     </span>
     <span class='ocr_line' id='line_1_27' title="bbox 155 1583 1459 1638; baseline -0.002 -15"><span class='ocrx_word' id='word_1_181' title='bbox 155 1597 241 1637; x_wconf 88' lang='lat' dir='ltr'>qua</span> <span class='ocrx_word' id='word_1_182' title='bbox 259 1596 419 1624; x_wconf 83' lang='lat' dir='ltr'>caussa</span> <span class='ocrx_word' id='word_1_183' title='bbox 437 1584 542 1638; x_wconf 85' lang='lat' dir='ltr'>quid</span> <span class='ocrx_word' id='word_1_184' title='bbox 560 1585 722 1633; x_wconf 74' lang='lat' dir='ltr'>valeat,</span> <span class='ocrx_word' id='word_1_185' title='bbox 744 1595 830 1636; x_wconf 89' lang='lat' dir='ltr'>quo</span> <span class='ocrx_word' id='word_1_186' title='bbox 850 1584 997 1622; x_wconf 83' lang='lat' dir='ltr'>animo</span> <span class='ocrx_word' id='word_1_187' title='bbox 1019 1583 1206 1636; x_wconf 90' lang='lat' dir='ltr'>quisque</span> <span class='ocrx_word' id='word_1_188' title='bbox 1225 1587 1377 1621; x_wconf 84' lang='lat' dir='ltr'>utatur</span> <span class='ocrx_word' id='word_1_189' title='bbox 1395 1583 1459 1621; x_wconf 93' lang='lat' dir='ltr'>in-</span> 
     </span>
     <span class='ocr_line' id='line_1_28' title="bbox 152 1639 1459 1690; baseline -0.004 -10"><span class='ocrx_word' id='word_1_190' title='bbox 152 1645 317 1687; x_wconf 85' lang='lat' dir='ltr'>terest,</span> <span class='ocrx_word' id='word_1_191' title='bbox 347 1641 577 1680; x_wconf 82' lang='lat' dir='ltr'>dumtaxat</span> <span class='ocrx_word' id='word_1_192' title='bbox 593 1640 636 1678; x_wconf 92' lang='lat' dir='ltr'>in</span> <span class='ocrx_word' id='word_1_193' title='bbox 656 1639 866 1679; x_wconf 85' lang='lat' dir='ltr'>sanandis</span> <span class='ocrx_word' id='word_1_194' title='bbox 887 1639 959 1678; x_wconf 73' lang='lat' dir='ltr'>vel</span> <span class='ocrx_word' id='word_1_195' title='bbox 976 1639 1279 1690; x_wconf 86' lang='lat' dir='ltr'>temperandis</span> <span class='ocrx_word' id='word_1_196' title='bbox 1301 1649 1459 1689; x_wconf 87' lang='lat' dir='ltr'>corpo-</span> 
     </span>
     <span class='ocr_line' id='line_1_29' title="bbox 152 1692 1459 1745; baseline -0.004 -10"><span class='ocrx_word' id='word_1_197' title='bbox 152 1696 291 1743; x_wconf 87' lang='lat' dir='ltr'>ribus,</span> <span class='ocrx_word' id='word_1_198' title='bbox 311 1697 470 1736; x_wconf 72' lang='lat' dir='ltr'>sivein</span> <span class='ocrx_word' id='word_1_199' title='bbox 489 1695 724 1742; x_wconf 86' lang='lat' dir='ltr'>medicina,</span> <span class='ocrx_word' id='word_1_200' title='bbox 747 1695 840 1733; x_wconf 86' lang='lat' dir='ltr'>sive</span> <span class='ocrx_word' id='word_1_201' title='bbox 860 1694 904 1733; x_wconf 87' lang='lat' dir='ltr'>in</span> <span class='ocrx_word' id='word_1_202' title='bbox 924 1694 1213 1745; x_wconf 73' lang='lat' dir='ltr'>agricultura.</span> <span class='ocrx_word' id='word_1_203' title='bbox 1251 1692 1459 1733; x_wconf 86' lang='lat' dir='ltr'>Siderum</span> 
     </span>
     <span class='ocr_line' id='line_1_30' title="bbox 154 1748 1457 1805; baseline -0.004 -14"><span class='ocrx_word' id='word_1_204' title='bbox 154 1757 300 1791; x_wconf 86' lang='lat' dir='ltr'>autem</span> <span class='ocrx_word' id='word_1_205' title='bbox 337 1750 757 1805; x_wconf 82' lang='lat' dir='ltr'>cognoscendorum</span> <span class='ocrx_word' id='word_1_206' title='bbox 790 1762 878 1789; x_wconf 88' lang='lat' dir='ltr'>non</span> <span class='ocrx_word' id='word_1_207' title='bbox 910 1751 1130 1797; x_wconf 87' lang='lat' dir='ltr'>narratio,</span> <span class='ocrx_word' id='word_1_208' title='bbox 1164 1748 1243 1788; x_wconf 89' lang='lat' dir='ltr'>sed</span> <span class='ocrx_word' id='word_1_209' title='bbox 1277 1749 1457 1787; x_wconf 85' lang='lat' dir='ltr'>demon·</span> 
     </span>
     <span class='ocr_line' id='line_1_31' title="bbox 150 1805 1455 1860; baseline -0.002 -14"><span class='ocrx_word' id='word_1_210' title='bbox 150 1807 309 1846; x_wconf 85' lang='lat' dir='ltr'>stratio</span> <span class='ocrx_word' id='word_1_211' title='bbox 330 1814 411 1856; x_wconf 88' lang='lat' dir='ltr'>est,</span> <span class='ocrx_word' id='word_1_212' title='bbox 434 1820 620 1860; x_wconf 87' lang='lat' dir='ltr'>quorum</span> <span class='ocrx_word' id='word_1_213' title='bbox 641 1817 865 1859; x_wconf 86' lang='lat' dir='ltr'>perpauca</span> <span class='ocrx_word' id='word_1_214' title='bbox 881 1805 1102 1857; x_wconf 85' lang='lat' dir='ltr'>scriptura</span> <span class='ocrx_word' id='word_1_215' title='bbox 1120 1808 1455 1843; x_wconf 83' lang='lat' dir='ltr'>commemorat.</span> 
     </span>
     <span class='ocr_line' id='line_1_32' title="bbox 153 1860 1457 1914; baseline -0.003 -12"><span class='ocrx_word' id='word_1_216' title='bbox 153 1863 279 1903; x_wconf 77' lang='lat' dir='ltr'>Sicut</span> <span class='ocrx_word' id='word_1_217' title='bbox 311 1869 458 1902; x_wconf 84' lang='lat' dir='ltr'>autem</span> <span class='ocrx_word' id='word_1_218' title='bbox 491 1863 695 1914; x_wconf 83' lang='lat' dir='ltr'>plurimis</span> <span class='ocrx_word' id='word_1_219' title='bbox 730 1866 861 1900; x_wconf 87' lang='lat' dir='ltr'>notus</span> <span class='ocrx_word' id='word_1_220' title='bbox 896 1867 965 1900; x_wconf 89' lang='lat' dir='ltr'>est</span> <span class='ocrx_word' id='word_1_221' title='bbox 995 1860 1126 1899; x_wconf 88' lang='lat' dir='ltr'>lunae</span> <span class='ocrx_word' id='word_1_222' title='bbox 1161 1872 1341 1905; x_wconf 85' lang='lat' dir='ltr'>cursus,</span> <span class='ocrx_word' id='word_1_223' title='bbox 1381 1860 1457 1911; x_wconf 88' lang='lat' dir='ltr'>qui</span> 
     </span>
     <span class='ocr_line' id='line_1_33' title="bbox 152 1914 1455 1971; baseline -0.005 -13"><span class='ocrx_word' id='word_1_224' title='bbox 152 1919 287 1958; x_wconf 83' lang='lat' dir='ltr'>etiam</span> <span class='ocrx_word' id='word_1_225' title='bbox 321 1920 376 1958; x_wconf 88' lang='lat' dir='ltr'>ad</span> <span class='ocrx_word' id='word_1_226' title='bbox 400 1919 652 1971; x_wconf 83' lang='lat' dir='ltr'>passionem</span> <span class='ocrx_word' id='word_1_227' title='bbox 679 1916 862 1956; x_wconf 89' lang='lat' dir='ltr'>Domini</span> <span class='ocrx_word' id='word_1_228' title='bbox 891 1915 1196 1954; x_wconf 80' lang='lat' dir='ltr'>anniversarie</span> <span class='ocrx_word' id='word_1_229' title='bbox 1226 1914 1455 1954; x_wconf 85' lang='lat' dir='ltr'>celebran-</span> 
     </span>
     <span class='ocr_line' id='line_1_34' title="bbox 154 1970 1456 2023; baseline -0.005 -9"><span class='ocrx_word' id='word_1_230' title='bbox 154 1975 253 2014; x_wconf 88' lang='lat' dir='ltr'>dam</span> <span class='ocrx_word' id='word_1_231' title='bbox 277 1974 540 2013; x_wconf 85' lang='lat' dir='ltr'>solemniter</span> <span class='ocrx_word' id='word_1_232' title='bbox 569 1972 825 2013; x_wconf 84' lang='lat' dir='ltr'>adhibetur:</span> <span class='ocrx_word' id='word_1_233' title='bbox 867 1972 932 2010; x_wconf 85' lang='lat' dir='ltr'>sic</span> <span class='ocrx_word' id='word_1_234' title='bbox 965 1970 1248 2023; x_wconf 88' lang='lat' dir='ltr'>paucissimis</span> <span class='ocrx_word' id='word_1_235' title='bbox 1282 1974 1456 2009; x_wconf 86' lang='lat' dir='ltr'>cetero-</span> 
     </span>
     <span class='ocr_line' id='line_1_35' title="bbox 151 2024 1457 2084; baseline -0.005 -14"><span class='ocrx_word' id='word_1_236' title='bbox 151 2044 247 2070; x_wconf 89' lang='lat' dir='ltr'>rum</span> <span class='ocrx_word' id='word_1_237' title='bbox 274 2043 449 2084; x_wconf 86' lang='lat' dir='ltr'>quoque</span> <span class='ocrx_word' id='word_1_238' title='bbox 480 2029 673 2068; x_wconf 80' lang='lat' dir='ltr'>siderum</span> <span class='ocrx_word' id='word_1_239' title='bbox 700 2027 771 2067; x_wconf 71' lang='lat' dir='ltr'>vel</span> <span class='ocrx_word' id='word_1_240' title='bbox 796 2032 918 2066; x_wconf 86' lang='lat' dir='ltr'>ortus</span> <span class='ocrx_word' id='word_1_241' title='bbox 940 2028 1010 2066; x_wconf 71' lang='lat' dir='ltr'>vel</span> <span class='ocrx_word' id='word_1_242' title='bbox 1032 2038 1242 2074; x_wconf 81' lang='lat' dir='ltr'>occasuS,</span> <span class='ocrx_word' id='word_1_243' title='bbox 1277 2025 1348 2064; x_wconf 77' lang='lat' dir='ltr'>vel</span> <span class='ocrx_word' id='word_1_244' title='bbox 1367 2024 1457 2063; x_wconf 84' lang='lat' dir='ltr'>alia</span> 
     </span>
     <span class='ocr_line' id='line_1_36' title="bbox 153 2081 1453 2140; baseline -0.005 -13"><span class='ocrx_word' id='word_1_245' title='bbox 153 2087 380 2140; x_wconf 80' lang='lat' dir='ltr'>quaelihet</span> <span class='ocrx_word' id='word_1_246' title='bbox 402 2091 626 2125; x_wconf 84' lang='lat' dir='ltr'>momenta</span> <span class='ocrx_word' id='word_1_247' title='bbox 651 2085 746 2123; x_wconf 90' lang='lat' dir='ltr'>sine</span> <span class='ocrx_word' id='word_1_248' title='bbox 770 2082 862 2122; x_wconf 90' lang='lat' dir='ltr'>ullo</span> <span class='ocrx_word' id='word_1_249' title='bbox 889 2089 991 2122; x_wconf 87' lang='lat' dir='ltr'>sunt</span> <span class='ocrx_word' id='word_1_250' title='bbox 1017 2093 1171 2121; x_wconf 83' lang='lat' dir='ltr'>errore</span> <span class='ocrx_word' id='word_1_251' title='bbox 1205 2081 1453 2120; x_wconf 89' lang='lat' dir='ltr'>notissima.</span> 
     </span>
    </p>
   </div>
   <div class='ocr_carea' id='block_1_3' title="bbox 201 2210 503 2253">
    <p class='ocr_par' dir='ltr' id='par_1_4' title="bbox 201 2210 503 2253">
     <span class='ocr_line' id='line_1_37' title="bbox 201 2210 503 2253; baseline -0.013 -9"><span class='ocrx_word' id='word_1_252' title='bbox 201 2216 234 2253; x_wconf 84' lang='lat'>1)</span> <span class='ocrx_word' id='word_1_253' title='bbox 258 2210 314 2243; x_wconf 69' lang='lat' dir='ltr'>(Jf.</span> <span class='ocrx_word' id='word_1_254' title='bbox 337 2221 364 2242; x_wconf 91' lang='lat' dir='ltr'>c.</span> <span class='ocrx_word' id='word_1_255' title='bbox 389 2211 436 2241; x_wconf 77' lang='lat'>16.</span> <span class='ocrx_word' id='word_1_256' title='bbox 457 2220 503 2241; x_wconf 73' lang='lat' dir='ltr'>ss.</span> 
     </span>
    </p>
   </div>
  </div>
 </body>
</html>
