1503 2465
223 116 304 156 DE
333 115 635 157 DOCTRffiA
668 117 898 158 CHRIST.
960 117 1072 159 Lm.
1110 117 1182 160 lv.
1286 120 1361 159 155

54 200 259 255 Longum
294 206 364 240 est
396 201 598 241 inserere.
633 202 781 241 omnia
807 214 921 254 quae
957 209 1218 255 sequuntur.
1281 204 1362 245 llle

53 269 158 296 vero
194 258 422 309 posterior
456 262 504 296 ut
537 259 580 296 in
614 257 728 296 tales
754 258 943 297 diceret:
980 259 1135 307 „ilinc
1161 259 1260 310 illa,
1297 262 1361 300 in-

52 313 147 365 quit
169 314 224 360 ι),
258 318 502 352 nascuntur
526 314 753 352 incentiva
785 313 1019 363 vitiorum,
1058 320 1105 353 ut
1140 316 1360 368 quaesitis

55 367 283 407 coloribus
304 379 384 407 ora
402 368 665 420 depingant,
700 368 802 408 dum
823 369 927 408 viris
948 369 1189 422 displicere
1207 370 1360 411 formi-

52 423 178 471 dant,
215 427 259 462 et
283 423 337 463 de
363 423 586 463 adulterio
612 424 759 463 vultus
784 424 1060 464 meditentur
1087 426 1359 466 adulterium

51 478 290 518 castitatis.
354 479 532 527 Quanta
557 478 667 520 haec
703 481 920 529 amentia,
959 481 1151 533 effigiem
1185 489 1359 522 mutare

51 541 258 582 naturae,
289 535 505 587 picturam
531 547 769 587 quaerere3
803 542 848 575 et
867 536 968 575 dum
995 543 1206 577 verentur
1228 539 1360 578 mari-

50 590 139 628 tale
160 590 388 639 iudicium,
410 591 600 643 prodere
614 592 653 641 2)
670 591 817 630 suum!
838 591 1100 632 Priorenim
1118 594 1172 633 de
1192 605 1239 633 se
1260 607 1359 647 pro-

49 646 243 695 nuntiat,
269 659 382 699 quae
410 647 531 699 cupit
555 652 727 686 mutare
755 647 872 700 quod
897 653 1002 688 nata
1035 654 1122 688 est:
1157 651 1221 689 ita
1256 650 1358 689 dum

49 701 123 740 alii
149 703 300 742 studet
327 702 521 754 placere,
549 703 671 755 prius
698 703 796 755 ipsa
819 703 902 742 sibi
924 703 1151 756 displicet.
1215 705 1357 753 Quem

47 756 261 807 iudicem,
292 758 474 806 mulier,
502 758 722 797 veriorem
746 760 1026 811 requiremus
1053 761 1358 802 deformitatis

46 821 307 866 tuae,quam
329 819 372 853 te
392 814 675 866 ipsam‚quae
693 814 833 854 videri
854 815 1011 855 times!
1032 816 1075 857 Si
1092 815 1278 869 pulchra
1292 830 1356 867 es,

49 881 126 907 cur
144 869 462 910 absconderis?
489 869 536 909 Si
557 869 796 919 deformis,
827 879 966 911 curte
988 870 1234 912 formosam
1256 885 1357 913 esse

47 925 272 974 mentiris,
308 938 390 964 nec
408 931 512 965 tuae
534 927 862 975 conscientiae,
897 939 979 967 nec
999 928 1136 968 alieni
1162 930 1357 982 gratiam

48 983 216 1020 erroris
244 979 471 1020 habitura?
503 981 582 1020 ille
607 982 721 1021 enim
744 982 931 1022 alteram
951 983 1120 1037 diligit,
1149 991 1196 1024 tu
1223 985 1358 1025 alteri

45 1036 110 1074 vis
131 1036 324 1088 placere,
350 1042 394 1076 et
413 1038 639 1086 irasceris,
661 1039 698 1077 si
720 1043 838 1078 amet
855 1039 1056 1087 alteram,
1087 1041 1162 1093 qui
1183 1040 1356 1081 adulte-

46 1103 144 1130 rare
163 1092 205 1130 in
227 1098 270 1131 te
293 1093 495 1132 docetur.
555 1094 678 1133 Mala
702 1095 919 1147 magistra
944 1108 992 1134 cs
1016 1096 1207 1136 iniuriae
1233 1102 1353 1136 tuae.

48 1146 317 1186 Lenocinari
343 1151 458 1188 enim
482 1148 651 1201 refugit
676 1150 811 1189 etiam
841 1164 954 1203 quae
984 1158 1052 1190 est
1074 1165 1207 1205 passa
1230 1153 1355 1192 leno-

46 1215 166 1253 nem;
201 1217 251 1243 ac
271 1204 377 1244 licet
396 1204 497 1244 vilis
516 1206 692 1254 mulier,
714 1219 802 1245 non
822 1207 952 1246 alteri
974 1213 1138 1257 tamen,
1169 1208 1248 1248 sed
1268 1209 1356 1249 sibi

46 1267 216 1311 peccat.
263 1260 599 1300 'l‘olerabiliora
617 1262 940 1314 propemodum
960 1264 1003 1302 in
1023 1263 1247 1304 adulterio
1271 1265 1355 1304 cri-

47 1315 164 1354 mina
190 1321 310 1364 sunt3
344 1316 406 1355 ibi
434 1317 550 1355 enim
575 1317 814 1368 pudicitia,
845 1317 916 1357 hic
945 1324 1103 1358 natura
1129 1321 1354 1360 adultera-

45 1373 164 1409 tur.“
225 1370 360 1420 Satis,
380 1376 427 1411 ut
443 1373 668 1422 existimo,
697 1373 898 1426 adparet,
918 1373 1124 1424 feminas,
1152 1389 1206 1415 ne
1227 1389 1355 1416 suam

44 1425 160 1466 fucis
182 1427 437 1467 adulterent
455 1426 665 1477 formam,
704 1435 748 1468 et
767 1427 822 1469 ad
840 1430 1056 1482 pudorem
1077 1436 1121 1470 et
1143 1431 1198 1471 ad
1223 1433 1353 1471 timo-

46 1496 135 1523 rem
187 1483 267 1524 hac
318 1487 529 1527 facundia
576 1487 865 1530 vehementer
907 1490 1090 1542 impelli.
1154 1487 1353 1528 Proinde

46 1550 189 1589 neque
218 1537 510 1588 submissum,
544 1552 688 1593 neque
718 1547 1032 1595 temperatum,
1069 1544 1147 1584 sed
1183 1546 1354 1599 grande

46 1595 226 1634 omnino
254 1606 394 1647 genus
432 1593 516 1634 hoc
552 1596 822 1637 elocutionis
857 1600 1158 1651 agnoscimus.
1222 1602 1277 1642 Et
1308 1603 1355 1642 in

47 1647 114 1687 liis
133 1655 295 1698 autem,
315 1662 427 1702 quos
444 1650 556 1691 duos
576 1664 630 1691 ex
652 1653 855 1693 omnibus
877 1667 1128 1708 proponere
1152 1657 1287 1708 volui,
1309 1663 1356 1698 et

45 1705 86 1743 in
117 1706 216 1745 aliis
236 1705 560 1747 ecclesiasticis
580 1708 707 1756 viris,
743 1714 787 1749 et
809 1709 929 1750 bona
954 1716 998 1751 et
1022 1712 1158 1762 bene,
1194 1714 1238 1753 id
1267 1720 1351 1764 est,

44 1760 161 1800 sicut
179 1773 250 1801 res
271 1762 485 1813 postulat,
514 1769 659 1812 acute,
685 1770 857 1813 ornate,
882 1767 1182 1820 ardenterque
1203 1770 1350 1809 dicen-

42 1816 178 1865 tibus,
201 1818 436 1870 permulta
457 1831 610 1858 eorum
630 1820 875 1873 scriptavcl
895 1822 1014 1862 dicta
1033 1832 1222 1875 possunt
1241 1823 1352 1874 hacc

41 1872 130 1911 tria
163 1885 332 1926 genera
364 1875 576 1927 reperiri,
613 1881 658 1914 et
686 1877 875 1917 adsidua
904 1878 1100 1918 lectione
1130 1881 1200 1919 vel
1228 1881 1351 1920 audi-

42 1928 186 1976 tione,
223 1929 422 1969 admixta
443 1931 576 1969 etiam
596 1933 943 1984 exercitatione,
978 1935 1264 1976 studentibus
1285 1937 1350 1976 in-

43 1983 262 2023 olescere.

95 2125 125 2155 ι)
146 2121 314 2153 Amin-os.
336 2123 378 2155 de
396 2124 486 2165 virg.
506 2123 530 2157 l.
549 2129 580 2159 2.
599 2124 692 2159 med.
734 2128 770 2168 2)
790 2126 847 2160 Ita
864 2129 961 2171 apud
980 2129 1104 2162 Ambr.
1134 2130 1181 2163 At
1202 2132 1235 2163 in
1255 2131 1345 2171 Any-r.

41 2166 144 2198 codd.
165 2165 323 2208 aliquot:
352 2173 522 2212 perdere,
559 2173 592 2204 in
621 2172 725 2205 aliis:
754 2174 965 2217 perdidere,
1000 2180 1080 2210 aut:
1108 2177 1348 2220 2¹2e·7·(le'n'cr11nt

42 2213 196 2257 (ἕλῃς),
227 2214 280 2246 uti
298 2212 433 2257 legitur
451 2227 508 2260 ap.
528 2218 606 2251 Ani.
624 2224 658 2252 et
679 2219 739 2253 Er.
