1503 2465
107 126 184 166 114
466 123 699 165 AURELII
726 121 1045 164 AUGUSTINI

158 209 258 249 Hae
285 213 430 248 autem
458 219 611 247 omnes
632 208 833 259 regulae,
861 212 1050 258 excepta
1068 217 1167 254 una,
1195 217 1307 258 quae
1326 218 1402 245 vo-

104 271 232 304 catur
250 264 303 304 de
322 263 556 316 promissis
577 267 621 302 et
638 262 761 315 lege,
795 262 917 301 aliud
936 274 991 301 ex
1023 261 1113 300 alio
1139 260 1312 301 faciunt
1335 261 1400 300 in-

102 320 269 372 telligi,
300 319 420 372 quod
439 324 507 358 est
523 319 749 370 proprium
768 317 970 370 tropicae
989 316 1252 365 locutionis,
1288 327 1403 369 quae

102 375 238 415 latius
257 379 401 427 patet,
428 386 558 427 quam
577 379 625 412 ut
642 374 805 425 possit,
829 377 877 412 ut
893 371 1002 411 mihi
1019 371 1218 419 videtur,
1252 371 1306 410 ab
1325 370 1404 409 ali-

104 443 191 483 quo
220 430 430 469 universa
454 427 786 481 comprehendi.
847 426 958 467 Nam
982 427 1248 479 ubicumque
1282 425 1406 465 velut

105 485 226 524 aliud
247 485 423 533 dieitur,
450 489 498 523 ut
515 483 637 523 aliud
652 483 947 536 intelligatur,
980 482 1063 522 etsi
1084 493 1243 521 nomen
1262 481 1403 534 ipsius

101 541 221 592 tropi
246 541 290 578 in
312 539 525 592 loquendi
547 544 641 579 arte
660 551 748 577 non
764 538 1007 585 invenitur,
1031 538 1208 590 tropica
1232 537 1402 576 locutio

104 601 187 635 est.
227 596 351 643 Quae
371 607 502 647 quum
523 594 585 643 fit,
608 594 680 633 ubi
701 594 799 632 fieri
817 593 949 642 solet,
970 594 1066 632 sine
1086 592 1239 631 labore
1258 591 1406 643 sequi-

101 657 177 690 tur
195 650 471 699 intellectus3
504 662 635 701 quum
654 661 776 697 verO,
798 649 872 688 ubi
892 662 979 687 non
1008 648 1148 695 solet,
1173 647 1405 686 laboratur

102 712 152 745 ut
169 706 470 759 intelligatur,
504 705 557 743 ab
577 705 676 743 aliis
698 706 860 756 magis,
895 704 950 743 ab
969 703 1068 742 aliis
1088 703 1252 751 minus,
1288 703 1406 740 sic-ut

103 762 245 814 magis
274 762 474 800 minusve
499 760 616 799 dona
633 759 717 799 Dei
742 765 844 799 sunt
866 761 911 799 in
937 758 1131 811 ingeniis
1161 756 1402 804 hominum,

101 816 177 855 vel
209 816 434 855 adiutoria
465 815 733 854 tribuuntur.
796 813 992 853 Proinde
1026 813 1142 852 sieut
1176 812 1219 851 in
1252 812 1403 851 verbis

104 872 316 924 propriis,
337 871 391 910 de
412 870 569 923 quibus
589 870 794 922 superius
813 868 1137 921 disputavimus
1157 870 1213 918 ¹),
1237 867 1313 906 ubi
1331 879 1403 906 res

104 932 153 965 ut
170 927 378 966 dicuntur
394 926 715 977 intelligendae
735 930 851 973 sunt,
871 925 995 963 sicin
1015 923 1262 971 translatis,
1290 934 1403 974 quae

103 982 276 1022 faciunt
293 982 493 1033 tropicas
513 981 789 1028 locutiones,
814 979 890 1019 ubi
908 979 1027 1018 aliud
1053 991 1108 1018 ex
1125 978 1214 1017 alio
1238 977 1403 1018 intelli-

104 1037 297 1090 gendum
324 1042 409 1084 est,
444 1036 497 1075 de
529 1036 687 1088 quibus
714 1034 797 1074 huc
820 1047 982 1087 usque,
1022 1039 1232 1086 quantum
1259 1033 1404 1071 visum

105 1098 194 1141 est,
229 1092 339 1132 satis
368 1092 563 1144 egimuS‚
596 1103 684 1130 non
707 1090 852 1129 solum
876 1088 1145 1128 admonendi
1179 1094 1283 1127 sunt
1313 1094 1403 1127 stu-

104 1147 224 1186 diosi
241 1146 562 1186 venerabilium
580 1146 826 1194 literarum,
857 1151 905 1184 ut
922 1145 966 1183 in
985 1143 1217 1196 seripturis
1237 1144 1402 1182 sanctis

105 1214 273 1256 genera
290 1203 566 1241 locutionum
587 1201 745 1248 sciant,
771 1205 815 1240 et
833 1213 921 1252 quo
939 1199 1072 1238 modo
1096 1199 1212 1251 apud
1231 1210 1306 1237 eas
1325 1198 1404 1237 ali-

104 1258 212 1311 quid
232 1258 320 1298 diei
339 1256 509 1305 soleat,
535 1256 777 1308 vigilanter
800 1255 1034 1294 advertant
1057 1254 1403 1305 memoriterque

102 1314 345 1361 retineant,
372 1324 523 1351 verum
545 1312 701 1359 etiam,
726 1310 843 1364 quod
864 1316 932 1349 est
948 1310 1234 1362 praecipuum
1254 1314 1298 1348 et
1316 1321 1403 1347 ma-

104 1370 224 1408 xime
244 1367 560 1415 neceswrium,
581 1372 710 1406 orent
729 1372 773 1404 ut
791 1365 1060 1417 intelligant.
1091 1365 1138 1403 ln
1158 1366 1223 1404 eis
1243 1365 1403 1417 quippe

105 1423 268 1472 literis,
290 1435 474 1475 quarum
494 1421 685 1461 studiosi
705 1426 820 1468 sunt,
841 1421 1065 1473 legunt2),
1091 1419 1294 1472 qnoniam
1315 1418 1401 1458 Do-

105 1477 244 1518 minus
269 1479 344 1518 dat
367 1476 642 1529 sapientiam,
670 1482 713 1515 et
733 1475 898 1527 tzfacie
926 1474 1014 1514 eius
1030 1474 1209 1514 scientia
1228 1481 1270 1513 et
1285 1474 1404 1514 intel-

105 1534 259 1582 lectus,
283 1546 308 1572 a
328 1545 413 1586 quo
437 1538 481 1571 et
499 1532 642 1584 ipsum
661 1531 873 1579 studium,
899 1531 934 1569 si
961 1531 1127 1582 pietate
1155 1529 1405 1582 praeditum

109 1594 197 1637 est,
235 1592 519 1640 aeceperunt.
584 1586 673 1626 Sed
705 1585 814 1624 haec
847 1587 957 1624 satis
994 1585 1127 1624 etiam
1162 1585 1216 1624 de
1246 1585 1403 1638 signis,

108 1649 320 1697 quantum
339 1643 394 1683 ad
412 1642 548 1681 verba
564 1642 773 1694 pertinet,
793 1641 913 1680 dicta
933 1640 1034 1679 sint.
1094 1640 1264 1689 Restat,
1283 1644 1330 1679 ut
1350 1639 1404 1679 de

105 1698 392 1752 proferendis
411 1697 498 1745 eis,
533 1709 646 1750 quae
666 1697 902 1744 sentimus,
937 1696 1143 1747 sequenti
1169 1695 1405 1744 volumine,

107 1767 221 1807 quae
242 1754 460 1793 Dominus
479 1752 726 1800 donaverit,
755 1751 1042 1791 disseramus.

157 1892 191 1933 l')
212 1892 256 1924 V.
277 1903 304 1924 c.
321 1894 356 1923 ⁷2.
375 1903 410 1925 ss
472 1891 509 1933 2)
530 1891 638 1924 l'rov.
658 1895 689 1929 2,
709 1892 740 1923 6.
