1503 2465
253 120 334 161 DE
365 119 667 161 DOCTRINA
698 118 937 160 chS'r.
998 118 1112 160 Llss.
1145 119 1220 161 lv,
1318 122 1394 160 127

83 206 181 246 inde
197 205 243 245 in
260 204 426 245 Ematli
451 218 655 258 magnam
668 235 678 253 ‚
715 210 758 244 et
783 203 1024 243 descendite
1044 203 1092 244 in
1111 203 1222 244 Geth
1243 203 1396 245 Palae-

83 262 309 311 stinorum,
330 268 371 301 et
388 261 446 300 ad
462 261 625 314 optima
645 273 838 314 quaeque
856 273 997 313 regna
1016 259 1185 309 luorum,
1209 260 1247 300 si
1262 260 1397 301 latior

85 317 292 358 terminus
320 330 467 356 eorum
492 316 675 357 termino
700 323 841 356 vestro
871 322 956 355 est.-
990 315 1065 369 qui
1085 316 1280 369 separati
1296 316 1396 356 estis

82 373 129 414 iu
155 373 263 413 diem
296 374 477 421 malum,
514 379 557 412 et
586 371 950 426 adpropinquatis
978 371 1085 411 solio
1120 371 1394 425 iniquitatis,·

85 428 160 483 qui
183 427 379 469 dormitis
401 428 446 468 in
470 427 587 468 lectis
613 426 829 476 eburneis,
863 434 907 466 et
935 427 1140 467 lascivitis
1174 428 1220 467 in
1243 427 1394 468 stratis

81 484 262 534 vestris;
302 483 376 537 qui
405 483 625 524 comeditis
650 496 813 537 agnum
838 483 887 523 de
906 496 1066 537 grege,
1101 491 1145 523 et
1164 483 1319 524 vitulos
1345 484 1395 524 de

82 540 219 581 medio
244 540 457 589 armenti;
489 539 564 593 qui
586 539 741 580 canitis
777 539 835 579 ad
860 552 1002 579 vocem
1020 539 1246 592 psalterii:
1283 539 1397 580 sicut

84 595 509 649 Davidputaverunt
529 609 572 636 se
597 595 757 636 liabere
784 607 889 635 vasa
915 594 1095 644 cantici,
1138 595 1324 636 bibentes
1348 594 1394 635 in

75 651 236 705 phialis
262 652 426 700 vinum,
461 658 502 691 et
527 651 687 704 optimo
716 657 937 705 unguento
965 650 1169 698 delibuti,-
1212 658 1255 691 et
1287 651 1396 692 nihil

73 705 362 762 patieBantur
379 720 508 760 super
526 707 789 748 contritione
808 705 978 759 Ioseph.
1039 707 1153 747 >Num
1180 708 1393 761 quidnam

79 764 176 813 isti,
213 764 285 817 qui
314 763 558 816 prophetas
591 769 771 803 nostros
802 769 1027 816 tamquam
1061 764 1314 803 ineruditos
1349 767 1394 804 et

81 820 357 859 elocutionis
392 820 578 873 ignaros
612 819 753 859 veluti
785 819 908 858 docti
947 818 1196 872 disertique
1239 825 1392 860 conte·

79 881 254 924 mnunt,
279 875 316 914 si
342 875 513 928 aliquid
538 876 603 915 eis
630 875 719 915 tale
739 875 811 915 vel
829 875 873 914 in
892 874 1007 914 tales
1026 875 1264 915 dicendum
1283 875 1393 916 fuis-

80 937 171 981 set,
197 931 331 971 aliter
350 944 397 970 se
419 932 669 971 voluissent
689 931 862 980 dicere,
890 931 964 984 qui
983 936 1133 971 tumen
1153 944 1308 971 eorum
1328 932 1394 971 in-

79 989 229 1027 sanire
250 986 532 1027 noluissent&
563 987 679 1036 Quid
700 987 817 1026 enim
837 994 920 1035 est,
951 987 1071 1040 quod
1096 988 1186 1028 isto
1207 988 1391 1041 eloquio

79 1055 212 1083 aures
239 1042 420 1083 sobriae
451 1043 548 1095 plus
578 1043 867 1083 desiderent}
898 1042 1049 1082 Primo
1077 1044 1391 1096 ipsainveetio

79 1100 206 1152 quasi
236 1099 398 1151 sopitis
426 1099 654 1147 sensibus,
688 1104 738 1139 ut
763 1099 1053 1152 evigilarent,
1088 1112 1176 1153 quo
1211 1099 1394 1139 fremitu

77 1155 200 1194 illisa
220 1155 306 1194 est!
349 1152 436 1193 Fae
457 1154 530 1207 (sui
551 1154 744 1208 opulenti
767 1155 865 1195 estis
890 1154 934 1194 in
955 1154 1082 1203 Sion,
1111 1161 1152 1195 et
1176 1154 1393 1210 confiditis

77 1210 122 1250 in
142 1217 286 1249 monte
304 1209 549 1258 Samariae,
578 1211 827 1263 optimates,
855 1209 1000 1262 capitu
1014 1212 1295 1263 populorum,
1327 1211 1390 1251 in-

76 1266 320 1320 gredientes
332 1266 581 1319 pompatice
598 1267 768 1306 domum
783 1265 934 1306 Israel.
997 1266 1172 1307 Deinde
1194 1273 1239 1306 ut
1258 1267 1392 1306 bene-

79 1323 195 1361 ficiis
217 1321 317 1371 Dei,
349 1324 424 1374 qui
445 1323 510 1362 eis
530 1323 676 1375 ampla
695 1323 842 1375 spatia
860 1322 987 1375 regni
1008 1322 1153 1371 dedit,
1182 1324 1394 1363 ostendat

77 1378 302 1429 ingratos,
343 1380 552 1431 quoniam
587 1379 876 1418 confidebant
898 1380 941 1417 in
966 1384 1117 1418 monte
1145 1379 1391 1428 Samariae,

77 1434 156 1473 ubi
175 1435 328 1487 utique
349 1434 473 1473 idola
491 1434 775 1474 colebantur:
801 1433 998 1483 transite,
1027 1435 1186 1488 inquit,
1211 1434 1256 1475 in
1278 1434 1389 1474 Clea-

75 1490 225 1543 lanne,
252 1496 295 1528 et
313 1488 465 1537 videte,
497 1496 535 1528 et
555 1489 612 1529 ite
630 1489 726 1529 inde
744 1489 788 1530 in
806 1489 973 1529 Ematli
1001 1503 1227 1543 magnam,
1254 1498 1293 1530 et
1323 1491 1390 1531 de-

75 1544 262 1585 scendite
278 1544 324 1584 in
344 1544 458 1584 Gelli
479 1544 847 1594 I’alaestinormn,
874 1552 916 1585 et
939 1546 998 1584 ad
1014 1546 1176 1599 optima
1198 1560 1391 1600 quaeque

76 1613 215 1651 regna
239 1600 413 1649 storum,
437 1600 475 1641 si
495 1600 628 1641 latior
653 1601 859 1641 terminus
880 1615 1027 1641 eorum
1046 1601 1229 1643 termino
1250 1610 1389 1643 vestro

75 1663 149 1696 est.
177 1656 318 1697 Simul
332 1659 466 1696 etiam
483 1670 615 1710 quum
635 1657 723 1697 ista
737 1658 960 1707 (licuntur,
980 1657 1184 1698 locorum
1203 1660 1392 1700 numini·

74 1712 156 1751 bus
178 1718 403 1765 tamquam
423 1713 664 1752 luminibus
684 1719 870 1753 ornatur
889 1714 1133 1766 eloquium,
1153 1727 1267 1768 quae
1288 1720 1393 1755 sunt

73 1767 201 1815 Sion,
225 1767 450 1816 Samaria,
475 1767 715 1817 Clmlanne,
741 1768 908 1809 Ematli
926 1783 1089 1822 niagna
1107 1777 1151 1810 et
1171 1770 1284 1810 Geth
1305 1770 1386 1810 Pa-

72 1823 368 1863 laestinoruni.
430 1824 606 1864 Deinde
641 1825 798 1874 verba,
832 1838 945 1878 quae
980 1825 1048 1865 his
1083 1827 1390 1879 adiunguntur

73 1878 204 1929 loeis,
225 1880 545 1920 decentissime
564 1881 815 1920 variantur:
851 1881 1043 1934 opulenti
1059 1882 1181 1931 estis,
1209 1882 1388 1937 confidi·

72 1934 141 1984 tis,
162 1935 358 1984 transite,
378 1934 449 1984 ite,
477 1936 729 1976 descendite.
791 1937 1134 1990 Consequenter
1153 1938 1387 1978 denuntia-

72 1996 145 2030 tur
164 1990 316 2030 futura
332 1991 414 2031 sub
435 1992 589 2044 iniquo
614 2005 722 2045 rege
741 1993 1104 2046 adpropinquare
1131 1995 1386 2046 captivitas,

75 2059 207 2099 quum
227 2047 505 2100 adiungitur:
537 2047 611 2100 qui
626 2048 821 2100 separati
836 2049 934 2088 estis
951 2049 996 2089 in
1017 2049 1127 2090 diem
1145 2051 1319 2099 malum,
1345 2055 1387 2090 et

75 2101 435 2155 adpropinquans
461 2103 567 2143 solio
600 2103 860 2156 iniquitatis.
923 2106 1050 2145 Tunc
1085 2106 1387 2146 subiiciuntur

73 2159 235 2197 mei-ita
268 2158 492 2199 luxuriae:
532 2158 606 2212 qui
632 2159 828 2199 dormitis
860 2160 906 2200 in
939 2161 1058 2201 lectis
1090 2161 1307 2211 eburneis,
1345 2167 1389 2201 et

72 2212 277 2253 lascivitis
309 2212 354 2253 in
387 2214 538 2256 stratis
572 2214 721 2257 vestris
728 2228 749 2265 ;
788 2215 862 2270 qui
893 2216 1114 2258 comeditis
1148 2231 1313 2273 agnum
1336 2217 1386 2258 de
