1503 2465
155 107 235 150 226
519 108 754 149 AURELII
783 108 1103 151 AUGUSTINI

153 191 371 244 tiplicams
400 198 490 241 est;
525 193 629 245 quia
651 205 740 232 non
764 193 907 232 solum
933 194 1017 232 iam
1045 193 1160 245 apud
1181 204 1259 232 eos
1279 205 1365 232 non
1387 207 1461 247 pu-

153 249 394 287 niebantur
420 248 500 287 illa
523 248 719 301 flagitia,
754 260 906 288 verum
940 251 1075 289 etiam
1108 249 1286 302 publice
1321 251 1459 289 veluti

153 303 254 354 lege,
289 303 703 355 frequentabantur.
777 304 850 344 Sic
885 306 1051 344 nostris
1084 305 1364 356 temporibus
1399 305 1464 344 ita

151 359 292 397 multa
320 359 457 408 mala,
493 359 579 398 etsi
606 371 695 398 non
719 360 849 406 talia,
884 360 928 398 in
956 365 1154 412 apertam
1175 360 1463 399 consuetudi-

152 426 251 453 nem
270 416 357 454 iam
376 420 607 462 venerunt,
634 419 682 453 ut
700 427 779 466 pro
801 413 868 453 his
888 427 975 454 non
997 415 1141 454 solum
1162 418 1462 455 excommuni-

153 482 256 509 care
275 470 469 522 aliquem
491 470 652 509 laicum
674 483 760 508 non
780 471 1039 519 audeamus,
1054 471 1133 510 sed
1152 482 1234 509 nec
1250 471 1463 510 clericum

152 525 418 578 degradare.
478 525 604 564 Unde
624 538 754 577 quum
777 538 1045 578 exponerem
1067 532 1169 566 ante
1191 527 1363 578 aliquot
1389 538 1461 564 an-

153 593 235 620 nos
267 581 505 633 epistolam
540 581 595 619 ad
621 581 827 630 Galatas,
862 582 906 620 in
934 594 987 620 eo
1014 582 1111 634 ipso
1137 581 1264 630 loco,
1300 581 1374 619 ubi
1399 583 1463 620 ait

152 637 386 688 apostolus
403 639 461 686 ¹):
486 634 633 676 Timeo
652 649 738 684 vOS,
759 636 944 690 nefor-te
962 636 1051 676 sine
1069 649 1219 675 caussa
1238 635 1459 676 laborave-

151 691 233 732 rim
251 691 296 730 in
315 690 453 739 vobis,
491 692 744 731 exclamare
769 692 1025 744 compulsus
1053 705 1166 731 sum:
1202 691 1330 740 „Vae
1359 704 1459 744 pec-

152 748 264 787 catis
294 746 539 796 hominum,
577 760 689 800 quae
718 748 816 786 sola
842 749 1057 787 inusitata
1076 746 1459 797 exhorrescinms3

150 804 319 842 usitata
345 815 475 851 vero,
513 816 590 856 pro
620 803 779 855 quibus
809 804 1043 843 abluendis
1072 803 1152 843 filii
1171 803 1257 842 Dei
1276 805 1459 855 sanguis

152 857 323 898 effusus
360 864 449 906 est,
486 860 688 911 quamvis
721 865 810 898 tam
843 872 1004 912 magna
1037 860 1148 907 sint,
1192 864 1240 898 ut
1279 859 1458 898 omnino

153 914 304 954 claudi
323 919 481 953 contra
500 927 547 953 se
569 914 739 953 faciant
758 927 943 967 regnum
964 914 1075 963 Dei,
1102 926 1236 967 saepe
1263 914 1458 953 videndo

154 971 305 1009 onmia
328 970 552 1018 tolerare,
585 982 718 1023 saepe
747 971 983 1010 tolerando
1007 970 1221 1009 nonnulla
1241 970 1372 1009 etiam
1394 969 1457 1008 fa-

152 1037 255 1065 cere
277 1026 493 1078 cogimur.
529 1027 672 1079 Atque
692 1027 875 1075 utinam,
905 1039 928 1065 o
952 1026 1157 1074 Domine,
1184 1038 1271 1064 non
1294 1025 1458 1073 omnia,

152 1093 265 1133 quae
285 1094 373 1120 non
394 1082 672 1133 potuerimus
691 1080 952 1134 prohibere,
982 1081 1252 1121 faciamus!“
1289 1080 1375 1120 Sed
1398 1080 1459 1118 vi-

152 1137 282 1185 dero,
317 1142 464 1176 utrum
487 1149 557 1176 me
586 1137 909 1177 immoderatus
938 1138 1069 1177 dolor
1092 1138 1270 1177 incaute
1290 1135 1460 1187 aliquid

153 1192 423 1244 compulerit
442 1193 608 1232 dicere.

209 1248 255 1287 C.
276 1247 481 1287 LXXXI.
542 1249 643 1288 Hoc
666 1261 781 1287 nunc
805 1249 970 1296 dicam,
997 1247 1116 1300 quod
1141 1247 1319 1299 quidem
1348 1253 1391 1285 et
1415 1247 1461 1285 in

154 1303 256 1342 aliis
298 1304 618 1355 opusculorum
656 1316 857 1343 meorum
898 1304 1010 1343 locis
1049 1315 1183 1356 saepe
1228 1303 1316 1341 iam
1351 1302 1458 1341 dixi.

152 1359 373 1398 Duabus
408 1371 470 1399 ex
505 1362 713 1399 caussis
748 1372 1056 1411 pecca11u1S‚
1105 1364 1192 1397 aut
1232 1358 1461 1397 nondum

151 1415 385 1454 videndo
412 1415 540 1467 quid
574 1414 754 1454 facere
791 1416 1093 1461 debeamus,
1131 1418 1350 1452 autnon
1387 1412 1461 1451 fa-

154 1471 351 1510 ciendo
373 1471 510 1523 quod
536 1470 734 1510 debere
763 1470 892 1510 fieri
920 1472 1017 1509 iam
1043 1469 1300 1508 videmus.
1329 1468 1461 1516 Quo-

152 1538 262 1565 rum
298 1525 517 1565 duorum
557 1527 692 1566 illud
734 1527 1085 1579 ignorantiae
1126 1524 1314 1563 malum
1359 1528 1461 1571 est,

154 1579 251 1620 hoc
285 1582 641 1621 infirmitatis.
704 1583 871 1621 Contra
906 1594 1018 1635 quae
1050 1580 1228 1633 quidem
1260 1590 1460 1631 pugnare

152 1649 236 1676 nos
269 1638 501 1686 convenit;
543 1638 622 1676 sed
641 1637 849 1690 profecto
872 1639 1107 1684 vincimur,
1142 1636 1227 1675 nisi
1247 1635 1460 1674 divinitus

154 1692 430 1740 adiuvemur,
462 1699 508 1731 ut
529 1706 615 1731 non
641 1695 785 1732 solum
804 1694 1050 1741 videamus,
1078 1691 1183 1743 quid
1204 1689 1460 1730 faciendum

153 1749 230 1796 sit,
256 1748 335 1786 sed
362 1750 495 1787 etiam
520 1750 764 1788 accedente
784 1751 975 1788 sanitate
997 1747 1237 1787 delectatio
1258 1746 1460 1785 iustitiae

154 1806 306 1843 vincat
326 1804 367 1842 in
391 1804 520 1843 nobis
542 1817 691 1842 earum
714 1817 859 1843 rerum
882 1803 1233 1850 delectationes,
1261 1813 1369 1853 quas
1390 1800 1462 1839 vel

154 1858 322 1899 habere.
352 1859 598 1910 cupiendo,
633 1860 703 1897 vel
727 1861 932 1899 amittere
966 1857 1230 1904 metuendo,
1262 1857 1460 1896 scientes

153 1915 449 1967 videntesque
474 1927 735 1966 peccamusg
768 1916 852 1954 iam
884 1928 969 1954 non
999 1914 1143 1954 solum
1177 1918 1460 1964 peccatores,

155 1970 275 2022 quod
295 1983 470 2009 eramus
491 1972 645 2017 etiam,
674 1984 804 2022 quum
825 1983 903 2022 per
920 1969 1220 2023 ignorantiam
1246 1966 1459 2020 peccaba-

154 2040 274 2074 mus,
311 2038 462 2067 verum
492 2026 625 2064 etiam
652 2026 769 2078 legis
802 2026 1214 2078 praevaricatores,
1249 2035 1380 2074 quum
1415 2019 1461 2059 id

155 2094 243 2121 non
271 2081 488 2134 facimus,
524 2081 644 2134 quod
668 2081 923 2121 faciendum
949 2080 1056 2134 [iam
1087 2090 1187 2119 esse
1214 2074 1460 2129 novimus],

208 2201 238 2241 Ι)
261 2201 301 2234 C.
320 2205 351 2240 4,
374 2205 426 2234 ll.
470 2201 526 2234 Cf.
545 2201 638 2243 Aug.
655 2212 785 2244 expos.
804 2202 903 2243 epist
935 2202 975 2235 ¹*ul
998 2198 1080 2233 Gal.
1099 2198 1120 2231 l.
1140 2198 1162 2231 l.
