1503 2465
227 144 307 184 DE
339 143 640 184 DOCTRINA
674 144 904 184 CllRlS'l'.
964 143 1076 183 LlB.
1111 143 1185 185 IV.
1281 143 1356 184 161

45 234 181 278 tetur,
207 242 358 268 verum
379 229 511 268 etiam
535 229 577 267 in
600 230 687 276 eis,
712 240 825 281 quae
845 228 1000 268 laudat
1018 229 1113 268 sive
1131 229 1359 282 vituperat

48 285 145 324 istis
168 285 433 337 adpetendis
454 286 523 324 rel
543 285 711 323 firmius
732 285 962 332 tenendis,
990 285 1082 325 illis
1109 291 1258 324 autem
1283 286 1357 325 de-

43 340 239 379 vitandis
254 341 321 379 vel
337 341 615 392 respuendis,
628 340 721 379 vult
740 342 894 392 utique
912 340 1180 380 obedienter
1194 341 1355 382 audiri.

44 395 89 436 Si
112 403 259 436 autem
285 410 371 435 non
394 396 574 435 auditur
591 395 915 448 intelligenter,
944 409 1026 436 nee
1045 397 1241 436 libenter
1257 408 1356 450 pot-

43 458 126 491 est.
189 451 386 492 Proinde
406 452 485 491 illa
502 452 608 501 tria,
631 459 681 491 ut
698 451 959 504 intelligant
978 453 1051 505 qui
1071 452 1278 502 audiunt,
1307 461 1356 494 ut

42 507 345 556 delectentur,
370 515 419 548 ut
438 507 672 556 obediant,
704 507 839 546 etiam
857 508 900 546 in
922 506 1007 547 hoe
1027 520 1194 561 genere
1220 522 1354 562 agen-

40 563 143 602 dum
165 569 246 612 est,
268 564 344 604 ubi
362 568 488 603 tenet
503 563 748 603 delectatio
769 564 1084 616 principatum.
1132 564 1223 603 lam
1245 578 1353 604 vero

37 618 115 658 ubi
140 630 322 658 movere
354 625 399 659 et
421 618 607 659 ssectere
634 620 792 671 grandi
818 631 986 672 genere
1008 632 1119 671 opus
1141 626 1210 660 est
1228 622 1354 661 audi-

35 680 184 714 torem
204 675 344 728 (quod
362 681 467 715 tunc
487 681 557 714 est
575 687 708 727 opus,
735 675 913 727 quando
941 683 985 715 et
1013 678 1238 717 xeraciter
1263 678 1354 717 dici

38 736 83 769 et
102 731 301 770 suaviter
321 726 582 780 confitetur,
610 736 654 770 et
671 736 820 770 tamen
840 745 927 770 non
948 731 1212 772 i·ultfaee1·e
1232 733 1354 787 quod

39 786 238 836 dieitur),
267 786 504 827 dicendum
526 792 596 826 est
612 787 773 839 procul
793 787 929 827 dubio
952 788 1198 840 granditer.
1262 788 1353 830 Sed

39 842 137 895 quis
157 849 383 893 moretur,
412 843 448 882 si
469 843 613 882 nescit
632 843 752 895 quod
770 843 959 882 dicitur?
989 844 1075 883 Aut
1100 845 1198 897 quis
1227 850 1351 885 tene-

37 904 110 937 tur
136 904 184 937 ut
210 899 377 947 audiat,
406 899 443 938 si
468 911 555 938 non
576 898 852 938 delectatur?
884 899 1010 939 Unde
1034 905 1079 939 et
1101 901 1146 939 in
1166 901 1254 941 isto
1275 914 1352 955 ge-

37 966 145 993 nere
160 984 171 1003 ,
195 954 272 993 ubi
298 955 353 994 ad
375 954 678 995 obedientiam
706 967 784 993 cor
802 954 961 994 durum
982 956 1196 996 dictionis
1221 969 1351 1010 gran-

39 1009 179 1049 ditate
200 1009 469 1050 ssectendum
490 1016 572 1058 est,
594 1011 678 1050 nisi
701 1016 745 1050 et
760 1010 1074 1061 intelligenter
1093 1019 1137 1052 et
1154 1013 1350 1054 libenter

39 1067 111 1118 qui
135 1066 244 1105 dicit
264 1066 486 1116 audiatur,
511 1079 599 1105 non
620 1072 775 1119 potest
793 1066 1062 1123 obedienter
1081 1068 1241 1108 audiri.

95 1122 142 1160 C.
170 1122 353 1162 XXVII.
420 1123 593 1162 Habet
627 1128 777 1162 autem
808 1128 864 1162 ut
899 1123 1227 1163 obedienter
1260 1137 1348 1165 au-

39 1177 221 1218 diatur
264 1184 689 1231 quantacumque
725 1178 1046 1231 granditate
1081 1179 1347 1221 dictionis

36 1234 207 1273 maius
233 1248 294 1287 po
309 1249 332 1273 n
350 1235 374 1273 d
390 1248 444 1273 us
475 1234 582 1273 vita
607 1235 862 1274 dicentis.
933 1234 1043 1275 Nam
1072 1237 1143 1288 qui
1174 1238 1347 1290 sapien-

36 1295 107 1328 ter
128 1295 171 1328 et
191 1290 457 1343 eloquenter
475 1290 606 1339 dicit,
635 1291 741 1329 vivit
766 1296 915 1329 autem
943 1292 1171 1344 nequiter,
1201 1293 1351 1334 erudit

38 1345 218 1398 quidem
246 1346 411 1385 multos
437 1346 643 1386 discendi
668 1345 925 1396 studiosos,
960 1350 1160 1399 quamvis
1180 1348 1351 1389 (ιηὶηιαε

35 1413 138 1441 suae
161 1400 218 1440 si!v
249 1401 431 1447 inutilis,
467 1403 584 1441 sicut
617 1404 833 1454 scriptum
869 1408 952 1442 est.
972 1407 1010 1454 ¹)
1070 1404 1195 1444 Unde
1221 1405 1284 1444 ait
1307 1411 1352 1446 et

36 1457 349 1508 apostolus2j:
381 1457 477 1497 Sive
502 1457 725 1497 occasione
738 1459 802 1507 3),
836 1457 922 1497 sive
949 1458 1131 1499 ‘veritate
1153 1459 1350 1501 Christus

36 1512 331 1552 adnuntietur.
392 1512 596 1553 Clu-istus
628 1519 777 1553 autem
809 1516 979 1553 veritas
1005 1521 1094 1563 est,
1130 1522 1174 1556 et
1200 1522 1351 1557 tamen

36 1570 172 1607 etiam
190 1583 278 1608 non
296 1569 487 1608 veritate
509 1570 763 1608 adnuntiari
790 1571 958 1610 veritas
983 1577 1154 1624 potest,
1190 1573 1235 1612 id
1265 1580 1348 1622 est,

33 1631 82 1663 ut
101 1637 236 1676 pravo
257 1631 302 1665 et
319 1624 471 1664 fallaci
493 1625 628 1665 corde
640 1637 753 1678 quae
772 1631 897 1665 reeta
920 1632 963 1666 et
980 1639 1084 1667 vera
1100 1634 1203 1668 sunt
1223 1641 1347 1682 prae-

33 1679 254 1719 dicentur.
317 1680 390 1721 Sic
415 1681 577 1734 quippe
596 1681 887 1721 adnuntiatur
906 1682 1034 1722 lesus
1054 1683 1258 1725 Christus
1291 1686 1346 1725 ab

32 1736 119 1784 eis,
155 1737 228 1788 qui
256 1749 336 1776 sua
365 1743 604 1789 quaerunt,
640 1750 726 1776 non
747 1749 858 1790 quae
886 1738 989 1778 lesu
1009 1737 1192 1779 siu-isti.
1255 1741 1346 1782 Sed

31 1792 243 1844 quoniam
266 1793 373 1832 boni
407 1792 565 1832 fideles
593 1806 678 1831 non
708 1794 957 1846 quemlibet
979 1793 1228 1845 hominum,
1263 1798 1345 1837 sed

27 1847 173 1898 ipsum
196 1848 434 1888 Dominum
456 1848 722 1888 obedienter
739 1850 943 1899 audiunt,
966 1852 1041 1903 qui
1060 1851 1196 1902 ait4):
1221 1851 1343 1902 Quae

28 1901 340 1955 de'enntsacite‚
356 1916 464 1956 qnae
482 1903 998 1960 antemfczcinnt,facere
1016 1907 1176 1956 nolite5
1195 1908 1343 1948 dicunt

27 1957 151 2007 enim,
174 1965 214 1997 et
231 1959 635 2013 nonfacz'zmt,ideo
658 1960 898 2000 audiuntur
918 1962 1183 2016 militen-‚qui
1207 1965 1340 2004 etiam

26 2014 201 2053 utiliter
219 2028 305 2054 non
325 2020 478 2068 agunt.
542 2016 631 2056 Sua
649 2017 764 2055 enim
786 2030 1006 2070 quaerere
1027 2020 1231 2068 student,
1261 2021 1342 2060 sed

27 2081 108 2108 sua
130 2070 295 2110 docere
314 2085 402 2110 non
421 2071 602 2121 audent,
623 2072 800 2112 deloco
820 2073 1001 2113 scilieet
1019 2077 1253 2127 superiore
1273 2088 1340 2116 se-

31 2154 72 2161 ..-

77 2204 110 2242 1)
132 2201 248 2234 Sirac.
272 2206 333 2241 137,
367 2206 414 2237 19.
463 2204 500 2245 2)
520 2202 619 2238 Phil.
646 2209 681 2244 1,
711 2208 761 2239 18.
819 2209 857 2250 3)
890 2207 931 2241 In
957 2212 1065 2242 textu
1094 2208 1250 2243 Graeco:
1277 2207 1341 2240 εἴτε

25 2247 212 2284 nymfan-ee,
240 2249 316 2281 sive
337 2249 518 2283 simulate.
569 2254 606 2293 4)
627 2252 714 2286 Mat.
733 2256 786 2292 23,
807 2256 835 2286 3.

83 2302 288 2343 Aucus'r.
308 2303 489 2346 Doc‘ru.
512 2306 709 2347 Cnms'r.
1031 2309 1069 2350 l,
