1503 2465
232 90 312 130 DE
344 92 649 135 DOC'rfflNA
681 96 913 139 CHRiS'r.
975 99 1089 141 Liss.
1123 100 1175 141 Il.
1312 103 1362 142 ’cl

49 173 255 215 homines
284 177 369 216 sibi
389 178 531 231 ipsam
550 179 713 220 beatae
733 183 853 221 vitae
874 184 1112 224 veritatem
1131 185 1364 235 didicisse,

50 244 183 283 quum
210 234 298 271 ista
321 233 577 274 didicerint.
640 237 918 291 Quamquam
949 241 1213 294 plerumque
1249 243 1365 282 acci-

48 287 138 336 dat,
160 292 207 327 ut
225 286 404 329 facilius
425 289 628 332 homines
647 305 719 332 res
736 306 813 333 eas
832 295 1151 349 adsequantur,
1179 305 1365 351 propter

48 356 158 396 quas
179 343 493 397 adsequendas
515 347 603 387 ista
621 348 875 400 discuntur,
906 364 1037 404 quam
1062 354 1218 392 talium
1237 367 1364 406 prae-

48 404 281 451 ceptorum
302 401 628 443 nodosissimas
651 410 696 444 et
714 406 1052 459 spinosissimas
1074 409 1361 462 disciplinas:

45 460 272 507 tamquam
298 457 337 495 si
361 459 581 511 quispiam
610 460 717 500 dare
750 462 910 502 volens
943 470 1188 518 praecepta
1211 467 1362 505 ambu-

45 509 190 560 landi,
223 518 405 553 moneat
426 527 516 554 non
545 527 646 556 esse
679 517 917 558 levandum
953 523 1255 572 posteriorem
1286 534 1363 574 pc-

47 565 167 615 dem,
195 568 279 607 nisi
301 582 433 621 quum
451 573 659 623 posueris
678 574 898 625 priorem,
925 575 1087 617 deinde
1107 577 1363 618 minutatim

45 624 421 674 quemadmodum
463 627 759 669 articulorum
799 635 845 670 et
885 632 1106 686 poplitum
1150 634 1361 674 cardines

46 684 257 730 oporteat
281 694 462 721 movere
493 684 735 725 describat.
803 686 926 726 Vera
960 689 1078 728 enim
1112 689 1243 739 dicit,
1277 703 1361 731 nec

43 734 178 774 aliter
195 736 412 776 ambulari
438 745 607 791 potest3
637 741 716 780 sed
736 740 918 782 facilius
940 742 1146 785 homines
1166 744 1278 786 haec
1296 746 1360 786 fa-

43 790 206 830 ciendo
228 792 471 843 ambulant,
485 808 615 847 quam
635 798 997 840 animadvertunt
1017 813 1150 854 quum
1170 800 1359 851 faciunt,

42 847 392 901 autintelligunt
407 863 538 903 quum
549 852 749 893 audiunt.
769 854 854 902 Qui
867 860 1016 896 autem
1028 857 1359 898 ambularenon

39 908 246 954 possunt,
265 905 405 945 multo
423 909 564 947 minus
585 919 639 948 ea
658 916 828 960 curant,
844 924 957 964 qnae
976 925 1059 952 nec
1079 914 1358 966 experiendo

40 964 231 1011 possunt
248 960 509 1003 adtendere.
561 964 630 1004 lta
651 966 913 1020 plerumque
935 970 1069 1008 citius
1089 969 1357 1022 ingeniosus

38 1014 176 1064 videt,
197 1028 285 1054 non
302 1028 402 1057 esse
423 1024 565 1059 ratam
585 1023 940 1074 conclusionem,
962 1037 1093 1077 quam
1112 1032 1359 1079 praecepta

39 1069 135 1109 eius
168 1073 307 1123 capit3
340 1074 496 1114 tardus
525 1081 673 1116 autem
702 1091 792 1118 non
812 1091 909 1119 eam
929 1081 1075 1131 videt,
1112 1082 1193 1121 sed
1210 1083 1354 1122 multo

35 1127 183 1165 minus
218 1128 339 1180 quod
373 1129 426 1169 de
465 1131 546 1171 illa
580 1136 874 1186 praecipitur:
921 1137 1157 1191 magisque
1196 1138 1242 1177 in
1283 1137 1354 1178 his

37 1182 243 1222 omnibus
273 1186 371 1236 ipsa
399 1189 661 1238 spectacula
695 1191 898 1230 veritatis
932 1205 1068 1245 saepe
1108 1194 1352 1244 delectant,

36 1250 165 1290 quam
188 1252 240 1278 ex
262 1242 328 1279 eis
348 1243 390 1280 in
413 1242 682 1296 disputando
703 1253 780 1286 aut
798 1248 1040 1288 iudicando
1071 1250 1351 1298 adiuvamur,

33 1295 119 1333 nisi
154 1294 274 1335 forte
313 1298 432 1349 quod
467 1301 791 1341 exercitatiora
830 1304 1025 1344 reddunt
1061 1307 1267 1359 ii'igenia,
1313 1309 1350 1346 si

34 1351 171 1389 etiam
190 1353 462 1405 maligniora
479 1362 555 1395 aut
573 1356 803 1398 inflatiora
823 1373 910 1399 non
929 1360 1135 1409 reddant,
1159 1360 1246 1401 hoc
1265 1368 1349 1412 est,

30 1410 81 1445 ut
109 1412 185 1446 aut
204 1408 414 1461 decipere
437 1412 526 1450 veri
557 1413 691 1452 simili
715 1427 923 1455 sermone
943 1422 1076 1470 atque
1096 1419 1350 1470 interroga-

29 1462 231 1504 tionibus
259 1471 428 1513 ament,
464 1474 540 1507 aut
567 1468 736 1521 aliquid
766 1484 994 1524 magnum,
1035 1486 1121 1525 quo
1149 1486 1196 1513 se
1217 1474 1349 1514 bonis

30 1525 164 1570 atque
183 1520 498 1563 innocentibus
518 1531 815 1578 anteponant,
844 1540 892 1567 se
911 1528 1154 1570 adsecutos
1175 1536 1346 1583 putent,

31 1575 106 1627 qui
125 1575 213 1614 ista
231 1576 501 1619 didicerunt.

87 1630 133 1668 C.
156 1631 405 1674 XXXVlll.
467 1635 557 1675 lam
577 1648 685 1676 vero
707 1641 877 1679 numeri
899 1639 1139 1694 disciplina
1159 1643 1347 1684 cuilibet

27 1686 289 1728 tardissimo
321 1689 490 1730 clarum
519 1698 604 1739 est,
642 1694 759 1745 quod
796 1709 883 1734 non
914 1697 974 1736 sit
1000 1698 1055 1736 ab
1087 1696 1345 1739 hominibus

27 1741 256 1792 instituta,
291 1745 371 1784 sed
398 1748 548 1798 potius
577 1749 791 1801 indagata
816 1757 949 1802 atque
977 1753 1173 1793 inventa.
1243 1755 1342 1794 Non

28 1798 171 1845 enim,
198 1799 316 1839 sicut
339 1804 525 1853 primam
546 1804 767 1856 syllabam
789 1806 966 1855 ltaliae,
1005 1822 1134 1861 quam
1160 1811 1342 1851 brevem

27 1855 429 1905 prommtiznerunt
449 1865 647 1908 veteres,
668 1862 811 1902 voluit
830 1862 1048 1918 Virgilius
1069 1866 1118 1914 ¹),
1141 1872 1185 1905 et
1206 1865 1344 1918 loiiga

25 1908 148 1948 facta
167 1917 249 1960 est,
269 1913 333 1951 ita
352 1915 586 1967 quisquam
607 1921 758 1968 potest
777 1919 954 1959 efficere
977 1934 1109 1973 quum
1129 1923 1341 1972 voluerit,

25 1971 75 2003 ut
92 1971 161 2004 ter
178 1971 307 2006 terna
325 1975 401 2008 aut
420 1983 508 2009 non
528 1971 616 2011 sint
636 1985 816 2024 novem,
845 1982 922 2015 aut
941 1991 1028 2015 non
1054 1979 1230 2029 possint
1251 1980 1341 2018 essi-

25 2032 128 2059 cere
157 2023 419 2073 quadratam
444 2026 655 2079 figuram,
693 2035 771 2069 aut
796 2044 884 2070 non
910 2032 965 2071 ad
990 2035 1236 2073 ternarium
1263 2048 1339 2074 nu-

23 2088 192 2116 merum
213 2079 347 2131 tripla
365 2083 477 2130 sint,
514 2083 569 2123 ad
588 2087 815 2126 senarium
834 2089 1066 2142 sescupla,
1095 2089 1149 2129 ad
1171 2090 1338 2130 nulium

73 2203 106 2242 1)
128 2199 186 2232 Cf.
206 2211 236 2232 e.
257 2212 286 2233 c.
302 2201 393 2235 Aen.
417 2206 445 2242 l,
464 2206 496 2236 2.
522 2208 573 2238 13.
592 2208 647 2241 38.
668 2209 723 2241 68.
