1503 2465
137 130 190 170 48
497 130 734 170 AURELII
765 129 1086 172 AUGUSTINI

137 221 220 263 est,
241 215 361 267 quod
379 227 466 254 non
488 214 658 254 eisdem
676 216 827 255 verbis
847 214 1097 266 eodemque
1117 215 1355 255 verborum
1379 227 1446 254 or-

137 271 238 309 dine
256 271 537 310 inveniretur
553 271 598 309 in
618 271 801 320 ceteris,
821 271 920 323 quis
939 269 1042 310 huic
1062 271 1328 311 auctoritati
1346 283 1448 310 con·

136 325 255 365 ferre
292 326 484 379 aliquid,
520 325 683 366 nedum
716 326 948 379 praeferre
980 326 1170 366 audeat-2
1217 326 1265 366 Si
1299 332 1448 366 autem

135 381 443 431 contulerunt,
468 386 518 421 ut
542 394 632 421 una
655 382 851 421 omnium
871 383 1095 422 communi
1118 388 1316 422 tractatu
1336 382 1447 422 iudi-

134 438 298 489 cioque
324 449 413 477 vox
437 437 584 476 fieret:
617 449 701 477 nec
727 438 794 477 sic
818 437 997 491 quidem
1024 450 1289 490 quemquam
1314 450 1448 477 unum

133 491 360 532 hominem
380 492 583 545 qualibet
602 493 764 545 peritia
783 494 837 532 ad
858 493 1184 534 emendandum
1212 499 1280 532 tot
1298 494 1446 533 senio-

132 560 228 587 rum
252 548 579 601 doctorumque
605 561 876 589 consensum
906 549 1138 602 adspirare
1165 556 1345 601 oportet
1371 555 1447 588 aut

133 603 278 643 decet.
343 603 485 651 Quam
506 605 562 643 ob
586 616 702 652 rem,
739 606 874 644 etiam
896 605 935 644 si
954 605 1124 657 aliquid
1144 605 1277 644 aliter
1293 605 1338 643 in
1356 604 1446 643 He-

132 659 281 698 braeis
303 659 635 711 exemplaribus
653 661 900 709 invenitur,
938 673 1067 713 quam
1086 661 1164 700 isti
1182 665 1445 712 posuerunt,

133 714 380 753 cedendum
403 728 502 754 esse
520 715 717 755 &bition
743 716 920 755 (lixinae
945 717 1295 768 dispensationi,
1330 727 1445 768 quae

132 782 211 822 per
229 783 307 809 eos
329 770 451 810 faeta
469 776 557 819 (st,
592 777 640 811 ut
666 771 791 820 libri,
821 785 932 824 quos
964 784 1073 826 gens
1094 771 1261 811 iudaea
1280 771 1445 811 ceteris

131 827 311 879 populis
346 826 416 865 vel
449 827 671 879 religione
708 827 778 866 iel
809 827 981 867 invidia
1015 828 1209 891 prodere
1244 819 1444 875 nolebat,

132 894 179 920 cr
184 881 373 921 editulis
394 894 473 934 per
487 881 728 922 Dominum
747 883 958 936 gentibus
978 884 1184 923 ministra
1201 883 1324 936 regis
1340 882 1443 922 Pto-

130 937 298 977 lomaei
336 944 562 989 potestate
599 944 728 978 tanto
747 913 873 978 eante
907 939 1221 991 proderentur.
1287 938 1444 991 Itaque

132 994 230 1032 fieri
251 998 423 1046 potest,
461 1000 507 1033 ut
526 994 978 1047 sicilliinterpretati
1010 995 1122 1044 sint,
1156 994 1443 1047 quemadmo-

131 1050 233 1089 dum
255 1061 506 1102 congruere
523 1050 736 1103 gentibus
754 1050 847 1098 ille,
874 1051 949 1103 qui
970 1062 1049 1090 eos
1069 1050 1233 1103 agebat
1248 1053 1285 1100 ¹)
1307 1057 1351 1090 et
1369 1051 1445 1102 qui

129 1117 264 1144 unum
285 1117 335 1144 os
356 1105 560 1144 omnibus
578 1105 774 1154 fecerat,
808 1106 990 1159 spiritus
1011 1113 1192 1146 sanctus
1211 1106 1441 1146 iudicavit.

131 1160 221 1201 Sed
239 1166 405 1209 tamen,
426 1167 473 1200 ut
490 1162 697 1213 superius
717 1161 826 1210 dixi,
845 1160 1003 1201 horum
1024 1174 1202 1215 quoque
1222 1163 1444 1214 interpre-

129 1225 247 1264 tum,
281 1218 355 1269 qui
389 1216 534 1255 verbis
558 1217 762 1256 tenacius
788 1216 1107 1267 inhaeserunt,
1142 1217 1327 1257 collatio
1354 1229 1443 1256 non

132 1280 201 1311 est
225 1272 400 1311 inutilis
426 1273 480 1312 ad
500 1273 825 1324 explanandam
852 1285 987 1326 saepe
1014 1274 1297 1313 sententiam.
1357 1272 1443 1312 La-

130 1328 214 1367 tini
238 1339 372 1380 ergo,
407 1334 455 1368 ut
480 1328 632 1367 dicere
666 1340 924 1380 coeperam,
961 1330 1143 1369 codices
1178 1329 1345 1368 veteris
1379 1335 1442 1368 te-

131 1384 357 1431 stamenti,
393 1384 431 1422 si
461 1395 649 1423 necesse
677 1382 830 1434 fuerit,
866 1384 1145 1425 Graecorum
1169 1385 1442 1425 auctoritate

131 1439 400 1478 emendandi
433 1446 549 1487 sunt,
584 1445 629 1479 et
662 1451 818 1479 eorum
851 1441 1150 1493 potissimum,
1184 1440 1274 1493 qui,
1310 1453 1442 1492 quum

130 1497 419 1548 septuaginta
438 1501 612 1543 essent,
648 1507 726 1535 ore
747 1508 835 1535 uno
856 1497 1141 1549 interpretati
1170 1508 1269 1536 esse
1297 1495 1443 1549 perhi-

129 1551 306 1589 bentur.
367 1550 534 1590 Libros
572 1557 721 1590 autem
752 1553 856 1591 novi
887 1552 1163 1600 testamenti,
1200 1552 1234 1591 si
1265 1551 1368 1603 quid
1398 1552 1444 1590 in

131 1606 309 1645 Latinis
328 1606 624 1646 varietatibus
643 1608 822 1653 titubat,
840 1606 1027 1647 Graecis
1047 1609 1210 1647 cedere
1230 1614 1443 1659 oportere

130 1675 220 1701 non
241 1661 423 1701 dubium
443 1668 525 1709 est,
543 1667 587 1701 et
604 1664 795 1702 maxime
809 1664 884 1715 qui
905 1663 1020 1716 apud
1037 1663 1254 1703 ecclesias
1272 1662 1444 1702 doctio-

131 1729 204 1756 res
225 1722 269 1756 et
287 1717 605 1770 diligentiores
623 1719 924 1770 1Nepe1iuutu1.

189 1772 235 1810 C
273 1749 396 1812 XV?
450 1773 495 1811 ln
532 1773 764 1813 translatis
798 1787 907 1813 vero
941 1776 1098 1828 signis,
1131 1775 1165 1813 si
1204 1786 1290 1826 qua
1325 1773 1444 1812 forte

131 1830 178 1881 ig
184 1833 291 1867 nota
319 1834 488 1880 cogunt
512 1827 609 1867 hae:
613 1841 699 1868 ·ere
726 1829 966 1879 lect0r,em
1002 1829 1162 1883 partim
1189 1830 1444 1881 linguarum

133 1884 228 1923 noti
236 1886 311 1931 tia,
329 1896 406 1936 par
413 1884 738 1923 thur-emmim
745 1885 982 1938 estmanda
996 1891 1112 1924 sunt
1130 1884 1309 1938 Aliquid
1327 1885 1444 1923 enim

132 1939 188 1978 ad
224 1940 564 1979 similitudinem
598 1939 741 1988 valet,
784 1946 829 1980 et
835 1917 1020 1993 *procul
1052 1940 1187 1980 dubio
1221 1945 1445 1980 secretum

135 1994 346 2047 quiddam
378 1996 576 2035 insinuat
602 1995 730 2035 Siloa
761 1998 956 2048 piscina,
993 1996 1071 2036 ubi
1100 1994 1263 2035 faciem
1293 1995 1443 2034 lavare

131 2051 283 2089 iussus
308 2056 398 2099 est,
435 2053 506 2090 cui
529 2051 687 2090 oculos
710 2050 932 2091 Dominus
958 2052 1052 2091 luto
1082 2051 1136 2090 de
1162 2058 1292 2104 sputo
1318 2050 1441 2090 facto

132 2108 393 2145 inunxerat:
430 2107 549 2159 quod
587 2113 737 2146 tamen
770 2120 932 2147 nomen
966 2108 1147 2160 linguae
1181 2107 1441 2159 incognitae

185 2234 216 2269 ἑ)
237 2229 328 2265 fun„
355 2229 427 2265 Er„
455 2227 551 2260 Cat:
579 2229 741 2271 regebat,
768 2230 1063 2262 adsentientibus
1081 2229 1164 2260 Mss.
1185 2229 1287 2270 ἕλξις.
