1503 2465
225 82 305 122 DE
335 81 640 122 DOCTRINA
672 83 902 126 CHRIST.
964 87 1076 126 Llss.
1110 88 1147 127 11
1303 90 1355 129 55

43 174 133 208 tam
159 166 464 220 superstitiosi
497 173 601 206 sunt
624 168 826 220 quidam,
857 176 906 210 ut
925 174 1058 210 etiam
1079 184 1254 222 canem,
1280 175 1354 226 qui

43 223 218 264 medius
252 223 567 270 intervenerit,
603 222 741 263 ferire
776 226 991 274 audeant,
1026 240 1114 267 non
1151 230 1354 281 impune3

42 291 234 332 namque
253 290 406 318 avano
427 278 627 318 remedio
648 279 739 319 cito
765 280 842 320 ille
870 283 1093 323 interdum
1117 297 1355 338 percusso-

45 346 140 376 rem
159 347 285 374 suum
305 333 360 372 ad
378 346 532 374 verum
550 335 774 375 medicum
792 338 944 377 mittit.
978 339 1091 379 Hinc
1108 346 1210 380 sunt
1223 343 1359 381 etiam

46 391 144 430 illa:
172 390 306 429 limen
327 389 520 439 calcare,
546 402 680 442 quum
699 397 802 431 ante
823 394 1003 433 domum
1025 408 1148 435 suam
1174 398 1358 448 transit3

46 447 195 486 redire
222 446 278 485 ad
304 445 494 495 lectum,
522 447 558 485 si
583 447 680 499 quis
701 447 802 487 dum
823 462 870 488 se
892 450 1054 490 calciat
1081 459 1359 492 sternutave-

47 503 124 552 rit3
161 502 310 541 redire
340 501 541 551 domum,
575 504 613 541 si
638 504 891 555 procedens
922 505 1201 557 offenderit3-
1224 521 1359 561 quum

46 560 184 598 vestis
206 570 232 597 a
250 557 473 597 soricibus
493 557 683 607 roditur,
709 559 808 610 plus
829 566 1021 601 tremere
1042 566 1301 616 suspicione
1319 568 1359 615 ¹)

47 613 188 653 futuri
212 613 340 662 mali,
370 625 501 665 quarn
529 626 743 665 praesens
771 615 975 656 damnum
997 618 1168 659 dolere.
1231 620 1359 660 Unde

46 669 159 708 illud
186 669 420 722 eleganter
445 669 612 708 dictum
640 676 709 709 est
734 670 942 721 Catonis,
979 675 1053 726 qui
1079 689 1212 728 quum
1238 682 1362 716 esset

48 725 301 765 consultum
319 737 344 764 a
365 725 574 777 quodam,
589 725 662 777 qui
684 726 768 766 sibi
789 739 814 766 a
833 729 1055 769 soricibus
1077 743 1232 771 erosas
1255 732 1361 771 culi-

47 793 127 834 gas
148 781 334 829 diceret,
354 780 604 832 respondit,
628 794 716 820 non
737 794 838 821 esse
859 784 970 824 illud
989 792 1251 836 monstrum,
1280 788 1362 827 sed

46 848 152 876 vere
170 842 420 876 monstrum
438 834 692 876 habendum
712 836 868 889 fuisse,
900 841 938 879 si
960 843 1133 882 sorices
1154 855 1178 882 a
1198 843 1359 897 caligis

46 893 332 932 roderentur.

102 949 147 987 C.
161 948 280 987 XXl.
314 946 469 1001 Neque
488 947 556 987 illi
577 948 631 988 ab
646 947 732 989 hoc
747 961 915 1002 genere
934 954 1272 1005 superstitionis
1292 968 1360 996 se-

46 1004 265 1056 gregandi
290 1008 406 1050 sunt,
435 1004 509 1056 qui
529 1003 806 1057 genethliaci
828 1015 1013 1061 propter
1031 1010 1247 1051 natalium
1268 1012 1360 1052 die-

46 1071 143 1098 rum
165 1059 570 1109 considerationes,
590 1074 707 1101 nunc
727 1067 878 1103 autem
896 1065 1032 1118 vulgo
1051 1065 1362 1108 mathematici

46 1120 280 1155 vocantur.
338 1113 451 1154 Nam
470 1121 515 1155 et
530 1116 617 1168 ipsi
636 1120 837 1170 quamvis
856 1131 1007 1160 veram
1026 1122 1258 1162 stellarum
1284 1136 1362 1176 po-

47 1171 280 1219 sitionem,
313 1183 447 1223 quum
472 1172 660 1225 quisque
688 1175 906 1225 nascitur,
941 1184 1282 1228 consectentur,
1319 1185 1364 1219 et

47 1226 290 1279 aliquando
317 1227 452 1265 etiam
478 1228 811 1282 pervestigent,
846 1237 995 1272 tamen
1016 1234 1135 1286 quod
1162 1235 1267 1274 inde
1288 1248 1360 1274 co-

45 1281 289 1322 nanturvel
307 1284 510 1322 actiones
530 1289 708 1324 nostras
727 1286 794 1325 vel
813 1288 1038 1328 actionum
1055 1296 1216 1329 eventa
1235 1303 1359 1344 prae-

46 1337 214 1388 dicere,
239 1338 368 1378 nimis
389 1344 555 1387 errant,
584 1345 629 1379 et
645 1342 842 1381 vendunt
861 1343 1081 1395 imperitis
1102 1344 1358 1386 hominibus

43 1394 350 1434 miserabilem
377 1395 657 1435 servitutem.
718 1396 829 1437 ,Nam
851 1400 1038 1452 quisque
1065 1401 1182 1441 liber
1206 1403 1258 1442 ad
1281 1400 1357 1441 hu·

43 1449 241 1490 iusmodi
265 1447 630 1490 mathematicum
657 1464 789 1504 quum
816 1454 1049 1507 ingressus
1084 1457 1243 1505 fuerit,
1282 1458 1359 1498 dat

43 1506 294 1560 pecuniam,
314 1510 362 1545 ut
380 1518 535 1545 servus
554 1506 658 1546 inde
679 1514 811 1548 exeat
829 1516 905 1549 aut
923 1512 1098 1561 Martis,
1121 1520 1198 1552 aut
1215 1513 1356 1553 Vene-

42 1564 122 1611 ris,
139 1561 212 1601 vel
230 1562 382 1613 potius
406 1562 602 1601 omnium
623 1563 835 1614 siderum,
852 1567 1012 1619 quibus
1030 1569 1111 1617 illi,
1129 1571 1203 1623 qui
1226 1570 1355 1623 primi

43 1622 307 1657 erraverunt
338 1629 629 1671 erroremque
653 1621 849 1671 posteris
874 1624 1248 1675 propinaverunt,
1282 1626 1355 1665 vel

41 1672 290 1713 bestiarum
313 1678 499 1726 propter
531 1674 894 1726 similitudinem,
928 1680 1000 1719 vel
1036 1679 1263 1721 hominum
1297 1681 1353 1721 ad

41 1728 167 1781 ipsos
201 1727 406 1768 homines
441 1727 734 1770 honorandos
769 1732 1082 1785 imposuerunt
1115 1737 1349 1777 vocabula.

40 1785 139 1826 Non
159 1785 276 1824 enim
293 1784 543 1824 mirandum
564 1792 645 1831 est,
667 1799 800 1839 quum
820 1791 955 1830 etiam
975 1793 1266 1844 propioribus
1285 1805 1352 1832 re-

42 1839 412 1892 centioribusque
436 1842 715 1893 temporibus
746 1844 890 1894 sidus,
927 1848 1046 1898 quod
1071 1849 1351 1901 adpellamus

39 1895 316 1942 Luciferum,
337 1894 498 1935 honori
520 1903 564 1936 et
583 1899 747 1938 nomini
762 1899 969 1941 Caesaris
989 1903 1177 1944 Romani
1199 1906 1351 1944 dicare

41 1953 194 1992 conati
217 1957 333 1990 sunt.
350 1951 390 2001 2)
449 1952 507 1991 Et
531 1951 726 1993 fortasse
751 1954 918 1995 factum
945 1965 1067 1998 esset
1086 1965 1219 2012 atque
1237 1961 1351 2000 isset

39 2007 86 2046 in
113 2013 403 2056 vetustatem,
440 2007 528 2047 nisi
552 2009 651 2047 avia
676 2010 770 2050 eius
791 2010 943 2053 Venus
966 2024 1349 2069 praeoccupasset

89 2136 125 2177 l)
144 2135 239 2174 „Sic
258 2137 345 2169 Mss.
363 2137 527 2172 melioris
543 2143 650 2173 notae
670 2141 790 2185 (Lips.
809 2146 877 2187 2.),
905 2150 943 2180 at
961 2147 1068 2180 editi:
1089 2148 1215 2182 timere
1231 2150 1347 2194 suspi-

41 2181 223 2216 cione111.“
249 2183 337 2216 Ben.
389 2189 425 2228 2)
446 2185 504 2219 Cf.
524 2186 628 2229 Virg.
647 2186 727 2222 Ecl.
745 2192 777 2228 9,
796 2192 850 2224 47.
