<?xml version="1.0" encoding="UTF-8"?>
<!DOCTYPE html PUBLIC "-//W3C//DTD XHTML 1.0 Transitional//EN"
    "http://www.w3.org/TR/xhtml1/DTD/xhtml1-transitional.dtd">
<html xmlns="http://www.w3.org/1999/xhtml" xml:lang="en" lang="en">
 <head>
  <title>
</title>
<meta http-equiv="Content-Type" content="text/html;charset=utf-8" />
  <meta name='ocr-system' content='tesseract 3.04.00' />
  <meta name='ocr-capabilities' content='ocr_page ocr_carea ocr_par ocr_line ocrx_word'/>
</head>
<body>
  <div class='ocr_page' id='page_1' title='image "./dedoctrinachrist00augu_0230.png"; bbox 0 0 1503 2465; ppageno 0'>
   <div class='ocr_carea' id='block_1_1' title="bbox 140 151 1075 194">
    <p class='ocr_par' dir='ltr' id='par_1_1' title="bbox 140 151 1075 194">
     <span class='ocr_line' id='line_1_1' title="bbox 140 151 1075 194; baseline -0.002 -1"><span class='ocrx_word' id='word_1_1' title='bbox 140 153 216 194; x_wconf 79' lang='lat'>192</span> <span class='ocrx_word' id='word_1_2' title='bbox 494 151 728 192; x_wconf 71' lang='lat' dir='ltr'>AURELu</span> <span class='ocrx_word' id='word_1_3' title='bbox 758 151 1075 193; x_wconf 79' lang='lat' dir='ltr'><strong>AUGUSTINI</strong></span> 
     </span>
    </p>
   </div>
   <div class='ocr_carea' id='block_1_2' title="bbox 129 233 1446 2062">
    <p class='ocr_par' dir='ltr' id='par_1_2' title="bbox 133 233 1445 1386">
     <span class='ocr_line' id='line_1_2' title="bbox 138 233 1444 290; baseline 0.001 -14"><span class='ocrx_word' id='word_1_4' title='bbox 138 236 222 276; x_wconf 87' lang='lat' dir='ltr'>hac</span> <span class='ocrx_word' id='word_1_5' title='bbox 241 237 403 290; x_wconf 83' lang='lat' dir='ltr'>quippe</span> <span class='ocrx_word' id='word_1_6' title='bbox 425 236 568 275; x_wconf 86' lang='lat' dir='ltr'>omnis</span> <span class='ocrx_word' id='word_1_7' title='bbox 587 233 721 274; x_wconf 83' lang='lat' dir='ltr'>homo</span> <span class='ocrx_word' id='word_1_8' title='bbox 742 236 962 286; x_wconf 83' lang='lat' dir='ltr'>nascitur3</span> <span class='ocrx_word' id='word_1_9' title='bbox 993 242 1178 290; x_wconf 78' lang='lat' dir='ltr'>propter</span> <span class='ocrx_word' id='word_1_10' title='bbox 1196 237 1314 289; x_wconf 84' lang='lat' dir='ltr'>quod</span> <span class='ocrx_word' id='word_1_11' title='bbox 1335 236 1444 278; x_wconf 76' lang='lat' dir='ltr'>dicit</span> 
     </span>
     <span class='ocr_line' id='line_1_3' title="bbox 137 290 1440 346; baseline 0.001 -15"><span class='ocrx_word' id='word_1_12' title='bbox 137 292 372 345; x_wconf 78' lang='lat' dir='ltr'>apostolus</span> <span class='ocrx_word' id='word_1_13' title='bbox 389 294 448 342; x_wconf 89' lang='lat'>¹):</span> <span class='ocrx_word' id='word_1_14' title='bbox 480 290 660 330; x_wconf 66' lang='lat' dir='ltr'>Fuimus</span> <span class='ocrx_word' id='word_1_15' title='bbox 681 290 792 330; x_wconf 81' lang='lat' dir='ltr'>enim</span> <span class='ocrx_word' id='word_1_16' title='bbox 811 298 853 330; x_wconf 86' lang='lat' dir='ltr'>et</span> <span class='ocrx_word' id='word_1_17' title='bbox 869 304 944 330; x_wconf 79' lang='lat' dir='ltr'>nos</span> <span class='ocrx_word' id='word_1_18' title='bbox 963 291 1221 346; x_wconf 73' lang='lat' dir='ltr'>naturafilz&#39;i</span> <span class='ocrx_word' id='word_1_19' title='bbox 1236 292 1341 340; x_wconf 67' lang='lat' dir='ltr'>irae,</span> <span class='ocrx_word' id='word_1_20' title='bbox 1362 292 1440 332; x_wconf 77' lang='lat' dir='ltr'>sic-</span> 
     </span>
     <span class='ocr_line' id='line_1_4' title="bbox 135 345 1441 401; baseline 0 -14"><span class='ocrx_word' id='word_1_21' title='bbox 135 356 184 387; x_wconf 77' lang='lat' dir='ltr'>ut</span> <span class='ocrx_word' id='word_1_22' title='bbox 201 354 243 387; x_wconf 79' lang='lat' dir='ltr'>et</span> <span class='ocrx_word' id='word_1_23' title='bbox 261 346 404 387; x_wconf 80' lang='lat' dir='ltr'>ceteri.</span> <span class='ocrx_word' id='word_1_24' title='bbox 461 347 509 386; x_wconf 85' lang='lat' dir='ltr'>ln</span> <span class='ocrx_word' id='word_1_25' title='bbox 528 345 610 386; x_wconf 85' lang='lat' dir='ltr'>hac</span> <span class='ocrx_word' id='word_1_26' title='bbox 627 347 695 386; x_wconf 90' lang='lat' dir='ltr'>ira</span> <span class='ocrx_word' id='word_1_27' title='bbox 713 359 844 398; x_wconf 93' lang='lat' dir='ltr'>quum</span> <span class='ocrx_word' id='word_1_28' title='bbox 865 353 1016 386; x_wconf 84' lang='lat' dir='ltr'>essent</span> <span class='ocrx_word' id='word_1_29' title='bbox 1034 346 1238 387; x_wconf 82' lang='lat' dir='ltr'>homines</span> <span class='ocrx_word' id='word_1_30' title='bbox 1257 360 1336 401; x_wconf 85' lang='lat' dir='ltr'>per</span> <span class='ocrx_word' id='word_1_31' title='bbox 1354 349 1441 387; x_wconf 87' lang='lat' dir='ltr'>ori-</span> 
     </span>
     <span class='ocr_line' id='line_1_5' title="bbox 136 403 1442 456; baseline 0.002 -15"><span class='ocrx_word' id='word_1_32' title='bbox 136 403 286 456; x_wconf 86' lang='lat' dir='ltr'>ginale</span> <span class='ocrx_word' id='word_1_33' title='bbox 316 408 575 456; x_wconf 84' lang='lat' dir='ltr'>peccatum,</span> <span class='ocrx_word' id='word_1_34' title='bbox 608 407 652 441; x_wconf 83' lang='lat' dir='ltr'>et</span> <span class='ocrx_word' id='word_1_35' title='bbox 678 407 804 441; x_wconf 84' lang='lat' dir='ltr'>tanto</span> <span class='ocrx_word' id='word_1_36' title='bbox 834 404 1014 455; x_wconf 81' lang='lat' dir='ltr'>gravius</span> <span class='ocrx_word' id='word_1_37' title='bbox 1051 408 1095 442; x_wconf 88' lang='lat' dir='ltr'>et</span> <span class='ocrx_word' id='word_1_38' title='bbox 1128 403 1442 455; x_wconf 73' lang='lat' dir='ltr'>perniciosius,</span> 
     </span>
     <span class='ocr_line' id='line_1_6' title="bbox 138 457 1442 511; baseline 0.001 -14"><span class='ocrx_word' id='word_1_39' title='bbox 138 463 303 511; x_wconf 87' lang='lat' dir='ltr'>quanto</span> <span class='ocrx_word' id='word_1_40' title='bbox 327 459 497 498; x_wconf 84' lang='lat' dir='ltr'>maiora</span> <span class='ocrx_word' id='word_1_41' title='bbox 517 457 587 497; x_wconf 85' lang='lat' dir='ltr'>vel</span> <span class='ocrx_word' id='word_1_42' title='bbox 604 458 731 510; x_wconf 85' lang='lat' dir='ltr'>plura</span> <span class='ocrx_word' id='word_1_43' title='bbox 748 457 931 510; x_wconf 84' lang='lat' dir='ltr'>insuper</span> <span class='ocrx_word' id='word_1_44' title='bbox 950 457 1234 506; x_wconf 88' lang='lat' dir='ltr'>addiderunt,</span> <span class='ocrx_word' id='word_1_45' title='bbox 1262 471 1442 499; x_wconf 80' lang='lat' dir='ltr'>neces-</span> 
     </span>
     <span class='ocr_line' id='line_1_7' title="bbox 138 511 1443 561; baseline -0.001 -8"><span class='ocrx_word' id='word_1_46' title='bbox 138 513 316 553; x_wconf 84' lang='lat' dir='ltr'>sarius</span> <span class='ocrx_word' id='word_1_47' title='bbox 351 518 469 553; x_wconf 79' lang='lat' dir='ltr'>erat</span> <span class='ocrx_word' id='word_1_48' title='bbox 502 514 789 559; x_wconf 82' lang='lat' dir='ltr'>mediator,</span> <span class='ocrx_word' id='word_1_49' title='bbox 830 511 930 551; x_wconf 85' lang='lat' dir='ltr'>hoc</span> <span class='ocrx_word' id='word_1_50' title='bbox 970 519 1071 561; x_wconf 85' lang='lat' dir='ltr'>est,</span> <span class='ocrx_word' id='word_1_51' title='bbox 1111 514 1443 554; x_wconf 81' lang='lat' dir='ltr'>reconcilia-</span> 
     </span>
     <span class='ocr_line' id='line_1_8' title="bbox 135 567 1444 621; baseline 0.001 -14"><span class='ocrx_word' id='word_1_52' title='bbox 135 575 243 616; x_wconf 82' lang='lat' dir='ltr'>tor,</span> <span class='ocrx_word' id='word_1_53' title='bbox 270 569 343 621; x_wconf 87' lang='lat' dir='ltr'>qui</span> <span class='ocrx_word' id='word_1_54' title='bbox 364 567 477 608; x_wconf 85' lang='lat' dir='ltr'>hanc</span> <span class='ocrx_word' id='word_1_55' title='bbox 502 569 613 608; x_wconf 84' lang='lat' dir='ltr'>iram</span> <span class='ocrx_word' id='word_1_56' title='bbox 640 568 850 607; x_wconf 72' lang='lat' dir='ltr'>sacrificii</span> <span class='ocrx_word' id='word_1_57' title='bbox 878 567 1140 621; x_wconf 82' lang='lat' dir='ltr'>singularis,</span> <span class='ocrx_word' id='word_1_58' title='bbox 1166 570 1292 609; x_wconf 87' lang='lat' dir='ltr'>cuius</span> <span class='ocrx_word' id='word_1_59' title='bbox 1317 574 1444 609; x_wconf 88' lang='lat' dir='ltr'>erant</span> 
     </span>
     <span class='ocr_line' id='line_1_9' title="bbox 136 623 1442 677; baseline 0 -14"><span class='ocrx_word' id='word_1_60' title='bbox 136 624 318 663; x_wconf 81' lang='lat' dir='ltr'>umbrae</span> <span class='ocrx_word' id='word_1_61' title='bbox 339 625 489 663; x_wconf 88' lang='lat' dir='ltr'>omnia</span> <span class='ocrx_word' id='word_1_62' title='bbox 507 624 729 664; x_wconf 81' lang='lat' dir='ltr'>sacrificia</span> <span class='ocrx_word' id='word_1_63' title='bbox 748 624 862 676; x_wconf 83' lang='lat' dir='ltr'>legis</span> <span class='ocrx_word' id='word_1_64' title='bbox 887 628 932 662; x_wconf 84' lang='lat' dir='ltr'>et</span> <span class='ocrx_word' id='word_1_65' title='bbox 955 623 1294 677; x_wconf 84' lang='lat' dir='ltr'>prophetarum,</span> <span class='ocrx_word' id='word_1_66' title='bbox 1321 625 1442 664; x_wconf 87' lang='lat' dir='ltr'>obla-</span> 
     </span>
     <span class='ocr_line' id='line_1_10' title="bbox 133 678 1442 732; baseline -0.001 -13"><span class='ocrx_word' id='word_1_67' title='bbox 133 681 258 719; x_wconf 80' lang='lat' dir='ltr'>tione</span> <span class='ocrx_word' id='word_1_68' title='bbox 293 680 508 732; x_wconf 79' lang='lat' dir='ltr'>placaret.</span> <span class='ocrx_word' id='word_1_69' title='bbox 580 679 706 719; x_wconf 88' lang='lat' dir='ltr'>Unde</span> <span class='ocrx_word' id='word_1_70' title='bbox 746 678 855 719; x_wconf 86' lang='lat' dir='ltr'>dicit</span> <span class='ocrx_word' id='word_1_71' title='bbox 888 680 1195 731; x_wconf 82' lang='lat' dir='ltr'>apostolus2):</span> <span class='ocrx_word' id='word_1_72' title='bbox 1248 679 1296 719; x_wconf 75' lang='lat' dir='ltr'>Si</span> <span class='ocrx_word' id='word_1_73' title='bbox 1332 679 1442 719; x_wconf 76' lang='lat' dir='ltr'>euim</span> 
     </span>
     <span class='ocr_line' id='line_1_11' title="bbox 138 733 1442 788; baseline 0.001 -15"><span class='ocrx_word' id='word_1_74' title='bbox 138 748 265 788; x_wconf 71' lang='lat' dir='ltr'>qaum</span> <span class='ocrx_word' id='word_1_75' title='bbox 283 734 449 774; x_wconf 71' lang='lat' dir='ltr'>inimici</span> <span class='ocrx_word' id='word_1_76' title='bbox 467 747 660 781; x_wconf 75' lang='lat' dir='ltr'>essemus,</span> <span class='ocrx_word' id='word_1_77' title='bbox 682 733 955 774; x_wconf 78' lang='lat' dir='ltr'>reconciliati</span> <span class='ocrx_word' id='word_1_78' title='bbox 969 748 1111 774; x_wconf 77' lang='lat' dir='ltr'>sumus</span> <span class='ocrx_word' id='word_1_79' title='bbox 1128 733 1219 775; x_wconf 83' lang='lat' dir='ltr'>Deo</span> <span class='ocrx_word' id='word_1_80' title='bbox 1235 748 1313 788; x_wconf 83' lang='lat' dir='ltr'>per</span> <span class='ocrx_word' id='word_1_81' title='bbox 1331 748 1442 774; x_wconf 85' lang='lat' dir='ltr'>mor·</span> 
     </span>
     <span class='ocr_line' id='line_1_12' title="bbox 137 789 1440 844; baseline 0 -14"><span class='ocrx_word' id='word_1_82' title='bbox 137 790 319 844; x_wconf 75' lang='lat' dir='ltr'>temfilii</span> <span class='ocrx_word' id='word_1_83' title='bbox 335 790 442 838; x_wconf 78' lang='lat' dir='ltr'>eius,</span> <span class='ocrx_word' id='word_1_84' title='bbox 467 789 755 843; x_wconf 74' lang='lat' dir='ltr'>multomagis</span> <span class='ocrx_word' id='word_1_85' title='bbox 774 789 1044 830; x_wconf 76' lang='lat' dir='ltr'>reconciliati</span> <span class='ocrx_word' id='word_1_86' title='bbox 1060 803 1172 830; x_wconf 71' lang='lat' dir='ltr'>mmc-</span> <span class='ocrx_word' id='word_1_87' title='bbox 1196 789 1240 830; x_wconf 78' lang='lat' dir='ltr'>in.</span> <span class='ocrx_word' id='word_1_88' title='bbox 1264 791 1440 843; x_wconf 75' lang='lat' dir='ltr'>sangui-</span> 
     </span>
     <span class='ocr_line' id='line_1_13' title="bbox 137 844 1442 898; baseline 0 -13"><span class='ocrx_word' id='word_1_89' title='bbox 137 859 188 885; x_wconf 75' lang='lat' dir='ltr'>ne</span> <span class='ocrx_word' id='word_1_90' title='bbox 207 846 316 895; x_wconf 79' lang='lat' dir='ltr'>eins,</span> <span class='ocrx_word' id='word_1_91' title='bbox 346 845 452 885; x_wconf 74' lang='lat' dir='ltr'>salvi</span> <span class='ocrx_word' id='word_1_92' title='bbox 468 845 624 885; x_wconf 75' lang='lat' dir='ltr'>erimus</span> <span class='ocrx_word' id='word_1_93' title='bbox 642 845 694 885; x_wconf 84' lang='lat' dir='ltr'>ab</span> <span class='ocrx_word' id='word_1_94' title='bbox 719 845 789 884; x_wconf 81' lang='lat' dir='ltr'>ira</span> <span class='ocrx_word' id='word_1_95' title='bbox 806 858 888 898; x_wconf 77' lang='lat' dir='ltr'>per</span> <span class='ocrx_word' id='word_1_96' title='bbox 911 844 1063 898; x_wconf 75' lang='lat' dir='ltr'>ipsum.</span> <span class='ocrx_word' id='word_1_97' title='bbox 1124 846 1267 894; x_wconf 76' lang='lat' dir='ltr'>Quum</span> <span class='ocrx_word' id='word_1_98' title='bbox 1293 855 1442 886; x_wconf 80' lang='lat' dir='ltr'>autem</span> 
     </span>
     <span class='ocr_line' id='line_1_14' title="bbox 137 901 1442 954; baseline 0.001 -14"><span class='ocrx_word' id='word_1_99' title='bbox 137 901 261 941; x_wconf 91' lang='lat' dir='ltr'>Deus</span> <span class='ocrx_word' id='word_1_100' title='bbox 286 903 422 942; x_wconf 81' lang='lat' dir='ltr'>irasci</span> <span class='ocrx_word' id='word_1_101' title='bbox 450 901 633 950; x_wconf 89' lang='lat' dir='ltr'>dicitur,</span> <span class='ocrx_word' id='word_1_102' title='bbox 667 913 755 940; x_wconf 90' lang='lat' dir='ltr'>non</span> <span class='ocrx_word' id='word_1_103' title='bbox 783 902 879 940; x_wconf 91' lang='lat' dir='ltr'>eius</span> <span class='ocrx_word' id='word_1_104' title='bbox 905 902 1187 954; x_wconf 84' lang='lat' dir='ltr'>significatur</span> <span class='ocrx_word' id='word_1_105' title='bbox 1210 902 1442 954; x_wconf 85' lang='lat' dir='ltr'>perturba·</span> 
     </span>
     <span class='ocr_line' id='line_1_15' title="bbox 136 956 1444 1010; baseline 0.002 -14"><span class='ocrx_word' id='word_1_106' title='bbox 136 957 225 1007; x_wconf 85' lang='lat' dir='ltr'>tio,</span> <span class='ocrx_word' id='word_1_107' title='bbox 260 958 406 1010; x_wconf 81' lang='lat' dir='ltr'>qualis</span> <span class='ocrx_word' id='word_1_108' title='bbox 432 963 501 996; x_wconf 85' lang='lat' dir='ltr'>est</span> <span class='ocrx_word' id='word_1_109' title='bbox 525 957 570 996; x_wconf 89' lang='lat' dir='ltr'>in</span> <span class='ocrx_word' id='word_1_110' title='bbox 594 958 741 996; x_wconf 84' lang='lat' dir='ltr'>animo</span> <span class='ocrx_word' id='word_1_111' title='bbox 766 956 1004 996; x_wconf 81' lang='lat' dir='ltr'>irascentis</span> <span class='ocrx_word' id='word_1_112' title='bbox 1028 956 1246 1006; x_wconf 86' lang='lat' dir='ltr'>hominis,</span> <span class='ocrx_word' id='word_1_113' title='bbox 1279 957 1358 997; x_wconf 89' lang='lat' dir='ltr'>sed</span> <span class='ocrx_word' id='word_1_114' title='bbox 1389 969 1444 998; x_wconf 86' lang='lat' dir='ltr'>ex</span> 
     </span>
     <span class='ocr_line' id='line_1_16' title="bbox 139 1011 1441 1061; baseline 0.001 -9"><span class='ocrx_word' id='word_1_115' title='bbox 139 1011 343 1052; x_wconf 81' lang='lat' dir='ltr'>humanis</span> <span class='ocrx_word' id='word_1_116' title='bbox 368 1012 564 1053; x_wconf 87' lang='lat' dir='ltr'>motibus</span> <span class='ocrx_word' id='word_1_117' title='bbox 592 1013 811 1052; x_wconf 84' lang='lat' dir='ltr'>translato</span> <span class='ocrx_word' id='word_1_118' title='bbox 846 1012 1067 1052; x_wconf 80' lang='lat' dir='ltr'>vocabulo</span> <span class='ocrx_word' id='word_1_119' title='bbox 1101 1013 1301 1053; x_wconf 75' lang='lat' dir='ltr'>vindicta</span> <span class='ocrx_word' id='word_1_120' title='bbox 1330 1013 1441 1061; x_wconf 86' lang='lat' dir='ltr'>eius,</span> 
     </span>
     <span class='ocr_line' id='line_1_17' title="bbox 136 1068 1443 1122; baseline 0 -14"><span class='ocrx_word' id='word_1_121' title='bbox 136 1081 252 1121; x_wconf 88' lang='lat' dir='ltr'>quae</span> <span class='ocrx_word' id='word_1_122' title='bbox 273 1068 466 1108; x_wconf 88' lang='lat' dir='ltr'>nonnisi</span> <span class='ocrx_word' id='word_1_123' title='bbox 486 1069 605 1107; x_wconf 87' lang='lat' dir='ltr'>iusta</span> <span class='ocrx_word' id='word_1_124' title='bbox 631 1073 718 1116; x_wconf 89' lang='lat' dir='ltr'>est,</span> <span class='ocrx_word' id='word_1_125' title='bbox 754 1068 847 1107; x_wconf 85' lang='lat' dir='ltr'>irae</span> <span class='ocrx_word' id='word_1_126' title='bbox 875 1080 1036 1107; x_wconf 71' lang='lat' dir='ltr'>nomen</span> <span class='ocrx_word' id='word_1_127' title='bbox 1061 1069 1249 1122; x_wconf 82' lang='lat' dir='ltr'>accepit.</span> <span class='ocrx_word' id='word_1_128' title='bbox 1311 1068 1443 1117; x_wconf 81' lang='lat' dir='ltr'>Quod</span> 
     </span>
     <span class='ocr_line' id='line_1_18' title="bbox 139 1123 1443 1178; baseline -0.001 -15"><span class='ocrx_word' id='word_1_129' title='bbox 139 1136 248 1177; x_wconf 85' lang='lat' dir='ltr'>ergo</span> <span class='ocrx_word' id='word_1_130' title='bbox 268 1137 347 1178; x_wconf 80' lang='lat' dir='ltr'>per</span> <span class='ocrx_word' id='word_1_131' title='bbox 373 1123 668 1164; x_wconf 85' lang='lat' dir='ltr'>mediatorem</span> <span class='ocrx_word' id='word_1_132' title='bbox 692 1124 1037 1164; x_wconf 81' lang='lat' dir='ltr'>reconciliamur</span> <span class='ocrx_word' id='word_1_133' title='bbox 1057 1124 1152 1163; x_wconf 79' lang='lat' dir='ltr'>Deo</span> <span class='ocrx_word' id='word_1_134' title='bbox 1168 1154 1177 1172; x_wconf 89' lang='lat'>,</span> <span class='ocrx_word' id='word_1_135' title='bbox 1214 1128 1257 1163; x_wconf 85' lang='lat' dir='ltr'>et</span> <span class='ocrx_word' id='word_1_136' title='bbox 1281 1125 1443 1176; x_wconf 82' lang='lat' dir='ltr'>accipi-</span> 
     </span>
     <span class='ocr_line' id='line_1_19' title="bbox 138 1179 1443 1233; baseline -0.001 -14"><span class='ocrx_word' id='word_1_137' title='bbox 138 1193 234 1220; x_wconf 84' lang='lat' dir='ltr'>mus</span> <span class='ocrx_word' id='word_1_138' title='bbox 255 1180 461 1233; x_wconf 89' lang='lat' dir='ltr'>spiritum</span> <span class='ocrx_word' id='word_1_139' title='bbox 479 1184 698 1228; x_wconf 84' lang='lat' dir='ltr'>sanctum,</span> <span class='ocrx_word' id='word_1_140' title='bbox 724 1184 772 1218; x_wconf 87' lang='lat' dir='ltr'>ut</span> <span class='ocrx_word' id='word_1_141' title='bbox 792 1192 847 1219; x_wconf 86' lang='lat' dir='ltr'>ex</span> <span class='ocrx_word' id='word_1_142' title='bbox 869 1179 1063 1218; x_wconf 82' lang='lat' dir='ltr'>inimicis</span> <span class='ocrx_word' id='word_1_143' title='bbox 1093 1180 1336 1218; x_wconf 73' lang='lat' dir='ltr'>efficiamur</span> <span class='ocrx_word' id='word_1_144' title='bbox 1363 1180 1443 1218; x_wconf 81' lang='lat' dir='ltr'>filii</span> 
     </span>
     <span class='ocr_line' id='line_1_20' title="bbox 140 1233 1443 1289; baseline 0 -15"><span class='ocrx_word' id='word_1_145' title='bbox 140 1240 374 1289; x_wconf 74' lang='lat' dir='ltr'>(quotquot</span> <span class='ocrx_word' id='word_1_146' title='bbox 393 1234 503 1275; x_wconf 78' lang='lat' dir='ltr'>enim</span> <span class='ocrx_word' id='word_1_147' title='bbox 517 1234 673 1288; x_wconf 75' lang='lat' dir='ltr'>spiritu</span> <span class='ocrx_word' id='word_1_148' title='bbox 691 1233 778 1274; x_wconf 76' lang='lat' dir='ltr'>Dei</span> <span class='ocrx_word' id='word_1_149' title='bbox 792 1241 999 1287; x_wconf 72' lang='lat' dir='ltr'>aguntur,</span> <span class='ocrx_word' id='word_1_150' title='bbox 1022 1233 1443 1289; x_wconf 13' lang='lat' dir='ltr'>lewifiliiswetDefflp</span> 
     </span>
     <span class='ocr_line' id='line_1_21' title="bbox 138 1289 1445 1345; baseline 0 -15"><span class='ocrx_word' id='word_1_151' title='bbox 138 1289 251 1330; x_wconf 75' lang='lat' dir='ltr'>haec</span> <span class='ocrx_word' id='word_1_152' title='bbox 284 1296 353 1331; x_wconf 90' lang='lat' dir='ltr'>est</span> <span class='ocrx_word' id='word_1_153' title='bbox 385 1292 532 1345; x_wconf 84' lang='lat' dir='ltr'>gratia</span> <span class='ocrx_word' id='word_1_154' title='bbox 554 1290 641 1330; x_wconf 86' lang='lat' dir='ltr'>Dei</span> <span class='ocrx_word' id='word_1_155' title='bbox 673 1302 752 1343; x_wconf 87' lang='lat' dir='ltr'>per</span> <span class='ocrx_word' id='word_1_156' title='bbox 784 1290 930 1330; x_wconf 86' lang='lat' dir='ltr'>lesum</span> <span class='ocrx_word' id='word_1_157' title='bbox 960 1289 1184 1330; x_wconf 84' lang='lat' dir='ltr'>Christum</span> <span class='ocrx_word' id='word_1_158' title='bbox 1218 1290 1445 1331; x_wconf 87' lang='lat' dir='ltr'>dominum</span> 
     </span>
     <span class='ocr_line' id='line_1_22' title="bbox 138 1353 355 1386; baseline -0.009 0"><span class='ocrx_word' id='word_1_159' title='bbox 138 1353 355 1386; x_wconf 85' lang='lat' dir='ltr'>nostrum.</span> 
     </span>
    </p>

    <p class='ocr_par' dir='ltr' id='par_1_3' title="bbox 129 1400 1446 2062">
     <span class='ocr_line' id='line_1_23' title="bbox 194 1400 1446 1454; baseline 0 -13"><span class='ocrx_word' id='word_1_160' title='bbox 194 1402 240 1441; x_wconf 85' lang='lat' dir='ltr'>C.</span> <span class='ocrx_word' id='word_1_161' title='bbox 273 1401 479 1443; x_wconf 80' lang='lat' dir='ltr'>XXXIV.</span> <span class='ocrx_word' id='word_1_162' title='bbox 538 1401 606 1441; x_wconf 89' lang='lat' dir='ltr'>De</span> <span class='ocrx_word' id='word_1_163' title='bbox 641 1413 728 1454; x_wconf 87' lang='lat' dir='ltr'>quo</span> <span class='ocrx_word' id='word_1_164' title='bbox 765 1400 1013 1441; x_wconf 89' lang='lat' dir='ltr'>mediatore</span> <span class='ocrx_word' id='word_1_165' title='bbox 1047 1400 1231 1454; x_wconf 84' lang='lat' dir='ltr'>longum</span> <span class='ocrx_word' id='word_1_166' title='bbox 1265 1409 1353 1451; x_wconf 89' lang='lat' dir='ltr'>est,</span> <span class='ocrx_word' id='word_1_167' title='bbox 1397 1406 1446 1441; x_wconf 91' lang='lat' dir='ltr'>ut</span> 
     </span>
     <span class='ocr_line' id='line_1_24' title="bbox 138 1455 1445 1511; baseline -0.001 -14"><span class='ocrx_word' id='word_1_168' title='bbox 138 1463 305 1510; x_wconf 83' lang='lat' dir='ltr'>quanta</span> <span class='ocrx_word' id='word_1_169' title='bbox 330 1458 513 1511; x_wconf 84' lang='lat' dir='ltr'>dignum</span> <span class='ocrx_word' id='word_1_170' title='bbox 537 1462 625 1506; x_wconf 88' lang='lat' dir='ltr'>est,</span> <span class='ocrx_word' id='word_1_171' title='bbox 658 1463 784 1496; x_wconf 80' lang='lat' dir='ltr'>tanta</span> <span class='ocrx_word' id='word_1_172' title='bbox 803 1457 1029 1504; x_wconf 79' lang='lat' dir='ltr'>dicantur,</span> <span class='ocrx_word' id='word_1_173' title='bbox 1064 1457 1264 1509; x_wconf 82' lang='lat' dir='ltr'>quamvis</span> <span class='ocrx_word' id='word_1_174' title='bbox 1288 1457 1341 1496; x_wconf 85' lang='lat' dir='ltr'>ab</span> <span class='ocrx_word' id='word_1_175' title='bbox 1368 1455 1445 1496; x_wconf 91' lang='lat' dir='ltr'>ho-</span> 
     </span>
     <span class='ocr_line' id='line_1_25' title="bbox 136 1511 1443 1566; baseline -0.002 -13"><span class='ocrx_word' id='word_1_176' title='bbox 136 1514 255 1553; x_wconf 87' lang='lat' dir='ltr'>mine</span> <span class='ocrx_word' id='word_1_177' title='bbox 276 1513 363 1553; x_wconf 89' lang='lat' dir='ltr'>dici</span> <span class='ocrx_word' id='word_1_178' title='bbox 386 1513 572 1566; x_wconf 74' lang='lat' dir='ltr'>digna4)</span> <span class='ocrx_word' id='word_1_179' title='bbox 594 1525 681 1551; x_wconf 90' lang='lat' dir='ltr'>non</span> <span class='ocrx_word' id='word_1_180' title='bbox 703 1514 890 1566; x_wconf 79' lang='lat' dir='ltr'>possint.</span> <span class='ocrx_word' id='word_1_181' title='bbox 928 1512 1038 1560; x_wconf 75' lang='lat' dir='ltr'>Quis</span> <span class='ocrx_word' id='word_1_182' title='bbox 1059 1513 1175 1551; x_wconf 89' lang='lat' dir='ltr'>enim</span> <span class='ocrx_word' id='word_1_183' title='bbox 1194 1511 1280 1552; x_wconf 87' lang='lat' dir='ltr'>hoc</span> <span class='ocrx_word' id='word_1_184' title='bbox 1299 1513 1443 1552; x_wconf 87' lang='lat' dir='ltr'>solum</span> 
     </span>
     <span class='ocr_line' id='line_1_26' title="bbox 139 1567 1444 1623; baseline -0.001 -15"><span class='ocrx_word' id='word_1_185' title='bbox 139 1570 492 1623; x_wconf 81' lang='lat' dir='ltr'>congruentibus</span> <span class='ocrx_word' id='word_1_186' title='bbox 522 1569 718 1621; x_wconf 83' lang='lat' dir='ltr'>explicet</span> <span class='ocrx_word' id='word_1_187' title='bbox 735 1567 899 1615; x_wconf 78' lang='lat' dir='ltr'>verbis,</span> <span class='ocrx_word' id='word_1_188' title='bbox 925 1567 1044 1620; x_wconf 84' lang='lat' dir='ltr'>quod</span> <span class='ocrx_word' id='word_1_189' title='bbox 1064 1567 1235 1606; x_wconf 78' lang='lat' dir='ltr'>verbnm</span> <span class='ocrx_word' id='word_1_190' title='bbox 1255 1581 1356 1607; x_wconf 82' lang='lat' dir='ltr'>caro</span> <span class='ocrx_word' id='word_1_191' title='bbox 1374 1567 1444 1619; x_wconf 73' lang='lat' dir='ltr'>fa·</span> 
     </span>
     <span class='ocr_line' id='line_1_27' title="bbox 137 1615 1444 1673; baseline -0.002 -9"><span class='ocrx_word' id='word_1_192' title='bbox 137 1632 251 1664; x_wconf 74' lang='lat' dir='ltr'>ctum</span> <span class='ocrx_word' id='word_1_193' title='bbox 271 1632 346 1673; x_wconf 75' lang='lat' dir='ltr'>est,</span> <span class='ocrx_word' id='word_1_194' title='bbox 368 1632 409 1664; x_wconf 78' lang='lat' dir='ltr'>et</span> <span class='ocrx_word' id='word_1_195' title='bbox 425 1623 640 1664; x_wconf 74' lang='lat' dir='ltr'>habitavit</span> <span class='ocrx_word' id='word_1_196' title='bbox 655 1623 699 1663; x_wconf 83' lang='lat' dir='ltr'>in</span> <span class='ocrx_word' id='word_1_197' title='bbox 716 1622 836 1662; x_wconf 73' lang='lat' dir='ltr'>nobis</span> <span class='ocrx_word' id='word_1_198' title='bbox 852 1624 907 1671; x_wconf 79' lang='lat'>⁵),</span> <span class='ocrx_word' id='word_1_199' title='bbox 927 1629 975 1662; x_wconf 90' lang='lat' dir='ltr'>ut</span> <span class='ocrx_word' id='word_1_200' title='bbox 994 1623 1278 1663; x_wconf 87' lang='lat' dir='ltr'>crederemus</span> <span class='ocrx_word' id='word_1_201' title='bbox 1297 1624 1340 1662; x_wconf 91' lang='lat' dir='ltr'>in</span> <span class='ocrx_word' id='word_1_202' title='bbox 1355 1615 1444 1663; x_wconf 87' lang='lat' dir='ltr'>Dei</span> 
     </span>
     <span class='ocr_line' id='line_1_28' title="bbox 133 1678 1442 1733; baseline -0.002 -13"><span class='ocrx_word' id='word_1_203' title='bbox 133 1681 274 1733; x_wconf 84' lang='lat' dir='ltr'>patris</span> <span class='ocrx_word' id='word_1_204' title='bbox 301 1680 622 1733; x_wconf 87' lang='lat' dir='ltr'>omnipotentis</span> <span class='ocrx_word' id='word_1_205' title='bbox 648 1679 826 1718; x_wconf 86' lang='lat' dir='ltr'>unicum</span> <span class='ocrx_word' id='word_1_206' title='bbox 853 1679 995 1718; x_wconf 87' lang='lat' dir='ltr'>filium</span> <span class='ocrx_word' id='word_1_207' title='bbox 1021 1684 1172 1718; x_wconf 88' lang='lat' dir='ltr'>natum</span> <span class='ocrx_word' id='word_1_208' title='bbox 1197 1678 1251 1718; x_wconf 91' lang='lat' dir='ltr'>de</span> <span class='ocrx_word' id='word_1_209' title='bbox 1280 1680 1442 1731; x_wconf 83' lang='lat' dir='ltr'>spiritu</span> 
     </span>
     <span class='ocr_line' id='line_1_29' title="bbox 134 1733 1441 1787; baseline -0.002 -11"><span class='ocrx_word' id='word_1_210' title='bbox 134 1742 291 1776; x_wconf 84' lang='lat' dir='ltr'>sancto</span> <span class='ocrx_word' id='word_1_211' title='bbox 312 1742 357 1775; x_wconf 87' lang='lat' dir='ltr'>et</span> <span class='ocrx_word' id='word_1_212' title='bbox 374 1736 521 1776; x_wconf 84' lang='lat' dir='ltr'>Maria</span> <span class='ocrx_word' id='word_1_213' title='bbox 539 1734 740 1787; x_wconf 63' lang='lat' dir='ltr'>virgine?</span> <span class='ocrx_word' id='word_1_214' title='bbox 770 1734 837 1773; x_wconf 84' lang='lat' dir='ltr'>lta</span> <span class='ocrx_word' id='word_1_215' title='bbox 855 1735 1017 1787; x_wconf 86' lang='lat' dir='ltr'>quippe</span> <span class='ocrx_word' id='word_1_216' title='bbox 1036 1734 1220 1773; x_wconf 70' lang='lat' dir='ltr'>verbum</span> <span class='ocrx_word' id='word_1_217' title='bbox 1246 1746 1350 1774; x_wconf 84' lang='lat' dir='ltr'>caro</span> <span class='ocrx_word' id='word_1_218' title='bbox 1375 1733 1441 1774; x_wconf 84' lang='lat' dir='ltr'>fa-</span> 
     </span>
     <span class='ocr_line' id='line_1_30' title="bbox 135 1790 1438 1843; baseline 0 -13"><span class='ocrx_word' id='word_1_219' title='bbox 135 1797 251 1830; x_wconf 88' lang='lat' dir='ltr'>ctum</span> <span class='ocrx_word' id='word_1_220' title='bbox 273 1797 355 1839; x_wconf 86' lang='lat' dir='ltr'>est,</span> <span class='ocrx_word' id='word_1_221' title='bbox 383 1804 409 1831; x_wconf 83' lang='lat' dir='ltr'>a</span> <span class='ocrx_word' id='word_1_222' title='bbox 427 1791 660 1830; x_wconf 77' lang='lat' dir='ltr'>divinitate</span> <span class='ocrx_word' id='word_1_223' title='bbox 680 1802 812 1829; x_wconf 85' lang='lat' dir='ltr'>carne</span> <span class='ocrx_word' id='word_1_224' title='bbox 834 1796 1059 1843; x_wconf 78' lang='lat' dir='ltr'>susc-epta,</span> <span class='ocrx_word' id='word_1_225' title='bbox 1089 1802 1176 1828; x_wconf 89' lang='lat' dir='ltr'>non</span> <span class='ocrx_word' id='word_1_226' title='bbox 1197 1790 1241 1829; x_wconf 92' lang='lat' dir='ltr'>in</span> <span class='ocrx_word' id='word_1_227' title='bbox 1262 1802 1438 1830; x_wconf 84' lang='lat' dir='ltr'>carnem</span> 
     </span>
     <span class='ocr_line' id='line_1_31' title="bbox 133 1843 1437 1897; baseline -0.002 -11"><span class='ocrx_word' id='word_1_228' title='bbox 133 1847 369 1887; x_wconf 81' lang='lat' dir='ltr'>divinitate</span> <span class='ocrx_word' id='word_1_229' title='bbox 397 1852 579 1886; x_wconf 77' lang='lat' dir='ltr'>mutata.</span> <span class='ocrx_word' id='word_1_230' title='bbox 643 1846 830 1885; x_wconf 78' lang='lat' dir='ltr'>Carnem</span> <span class='ocrx_word' id='word_1_231' title='bbox 856 1858 990 1897; x_wconf 82' lang='lat' dir='ltr'>porro</span> <span class='ocrx_word' id='word_1_232' title='bbox 1019 1844 1090 1884; x_wconf 88' lang='lat' dir='ltr'>hic</span> <span class='ocrx_word' id='word_1_233' title='bbox 1116 1843 1341 1885; x_wconf 88' lang='lat' dir='ltr'>hominem</span> <span class='ocrx_word' id='word_1_234' title='bbox 1365 1846 1437 1886; x_wconf 89' lang='lat' dir='ltr'>de-</span> 
     </span>
     <span class='ocr_line' id='line_1_32' title="bbox 129 1901 1435 1954; baseline -0.002 -12"><span class='ocrx_word' id='word_1_235' title='bbox 129 1902 287 1942; x_wconf 85' lang='lat' dir='ltr'>bemus</span> <span class='ocrx_word' id='word_1_236' title='bbox 306 1904 527 1954; x_wconf 86' lang='lat' dir='ltr'>accipere,</span> <span class='ocrx_word' id='word_1_237' title='bbox 544 1914 568 1939; x_wconf 83' lang='lat' dir='ltr'>a</span> <span class='ocrx_word' id='word_1_238' title='bbox 588 1909 710 1954; x_wconf 86' lang='lat' dir='ltr'>parte</span> <span class='ocrx_word' id='word_1_239' title='bbox 729 1906 872 1940; x_wconf 89' lang='lat' dir='ltr'>totum</span> <span class='ocrx_word' id='word_1_240' title='bbox 889 1901 1171 1954; x_wconf 84' lang='lat' dir='ltr'>significante</span> <span class='ocrx_word' id='word_1_241' title='bbox 1192 1901 1435 1949; x_wconf 83' lang='lat' dir='ltr'>locutione,</span> 
     </span>
     <span class='ocr_line' id='line_1_33' title="bbox 131 1955 1436 2010; baseline -0.001 -13"><span class='ocrx_word' id='word_1_242' title='bbox 131 1960 249 1998; x_wconf 87' lang='lat' dir='ltr'>sicut</span> <span class='ocrx_word' id='word_1_243' title='bbox 277 1958 442 1997; x_wconf 87' lang='lat' dir='ltr'>dictum</span> <span class='ocrx_word' id='word_1_244' title='bbox 478 1955 624 2006; x_wconf 75' lang='lat' dir='ltr'>est⁶):</span> <span class='ocrx_word' id='word_1_245' title='bbox 675 1955 892 2007; x_wconf 75' lang='lat' dir='ltr'>Quoniam</span> <span class='ocrx_word' id='word_1_246' title='bbox 923 1969 974 1996; x_wconf 78' lang='lat' dir='ltr'>ex</span> <span class='ocrx_word' id='word_1_247' title='bbox 999 1955 1194 2008; x_wconf 71' lang='lat' dir='ltr'>operibns</span> <span class='ocrx_word' id='word_1_248' title='bbox 1220 1956 1324 2010; x_wconf 77' lang='lat' dir='ltr'>legis</span> <span class='ocrx_word' id='word_1_249' title='bbox 1352 1969 1436 1996; x_wconf 84' lang='lat' dir='ltr'>non</span> 
     </span>
     <span class='ocr_line' id='line_1_34' title="bbox 130 2010 1435 2062; baseline -0.002 -10"><span class='ocrx_word' id='word_1_250' title='bbox 130 2013 235 2052; x_wconf 76' lang='lat' dir='ltr'>iusti</span> <span class='ocrx_word' id='word_1_251' title='bbox 253 2013 441 2053; x_wconf 68' lang='lat' dir='ltr'>{cabitur</span> <span class='ocrx_word' id='word_1_252' title='bbox 460 2012 593 2053; x_wconf 81' lang='lat' dir='ltr'>omnis</span> <span class='ocrx_word' id='word_1_253' title='bbox 613 2025 737 2060; x_wconf 79' lang='lat' dir='ltr'>caro,</span> <span class='ocrx_word' id='word_1_254' title='bbox 764 2012 811 2052; x_wconf 88' lang='lat' dir='ltr'>id</span> <span class='ocrx_word' id='word_1_255' title='bbox 831 2017 921 2062; x_wconf 90' lang='lat' dir='ltr'>est,</span> <span class='ocrx_word' id='word_1_256' title='bbox 952 2013 1095 2051; x_wconf 84' lang='lat' dir='ltr'>omnis</span> <span class='ocrx_word' id='word_1_257' title='bbox 1116 2010 1262 2051; x_wconf 87' lang='lat' dir='ltr'>homo.</span> <span class='ocrx_word' id='word_1_258' title='bbox 1324 2011 1435 2052; x_wconf 85' lang='lat' dir='ltr'>Nam</span> 
     </span>
    </p>
   </div>
   <div class='ocr_carea' id='block_1_3' title="bbox 135 2149 1436 2284">
    <p class='ocr_par' dir='ltr' id='par_1_4' title="bbox 135 2149 1436 2284">
     <span class='ocr_line' id='line_1_35' title="bbox 186 2149 1436 2192; baseline 0 -11"><span class='ocrx_word' id='word_1_259' title='bbox 186 2150 216 2191; x_wconf 89' lang='lat'>1)</span> <span class='ocrx_word' id='word_1_260' title='bbox 238 2150 334 2192; x_wconf 76' lang='lat' dir='ltr'>Eph.</span> <span class='ocrx_word' id='word_1_261' title='bbox 353 2153 391 2188; x_wconf 75' lang='lat'>2,</span> <span class='ocrx_word' id='word_1_262' title='bbox 417 2153 449 2184; x_wconf 90' lang='grc'>3.</span> <span class='ocrx_word' id='word_1_263' title='bbox 498 2152 536 2191; x_wconf 81' lang='lat'>2)</span> <span class='ocrx_word' id='word_1_264' title='bbox 557 2152 712 2189; x_wconf 80' lang='lat' dir='ltr'>R‹›m.5‚</span> <span class='ocrx_word' id='word_1_265' title='bbox 737 2154 770 2184; x_wconf 80' lang='lat'>9.</span> <span class='ocrx_word' id='word_1_266' title='bbox 800 2154 848 2184; x_wconf 88' lang='lat'>10.</span> <span class='ocrx_word' id='word_1_267' title='bbox 899 2149 936 2191; x_wconf 85' lang='lat'>3)</span> <span class='ocrx_word' id='word_1_268' title='bbox 956 2150 1056 2181; x_wconf 86' lang='lat' dir='ltr'>Rom.</span> <span class='ocrx_word' id='word_1_269' title='bbox 1085 2153 1121 2187; x_wconf 80' lang='lat'>8,</span> <span class='ocrx_word' id='word_1_270' title='bbox 1154 2153 1202 2182; x_wconf 71' lang='lat'>1⁴.</span> <span class='ocrx_word' id='word_1_271' title='bbox 1252 2149 1288 2189; x_wconf 72' lang='lat'>4)</span> <span class='ocrx_word' id='word_1_272' title='bbox 1315 2149 1373 2182; x_wconf 84' lang='lat' dir='ltr'>lta</span> <span class='ocrx_word' id='word_1_273' title='bbox 1400 2150 1436 2181; x_wconf 91' lang='lat' dir='ltr'>in</span> 
     </span>
     <span class='ocr_line' id='line_1_36' title="bbox 135 2195 1436 2241; baseline 0 -14"><span class='ocrx_word' id='word_1_274' title='bbox 135 2195 324 2239; x_wconf 77' lang='lat' dir='ltr'>plerisque</span> <span class='ocrx_word' id='word_1_275' title='bbox 350 2197 437 2229; x_wconf 76' lang='lat' dir='ltr'>Ben.</span> <span class='ocrx_word' id='word_1_276' title='bbox 463 2199 550 2231; x_wconf 86' lang='lat' dir='ltr'>Mss.</span> <span class='ocrx_word' id='word_1_277' title='bbox 578 2203 613 2231; x_wconf 86' lang='lat' dir='ltr'>et</span> <span class='ocrx_word' id='word_1_278' title='bbox 639 2199 741 2241; x_wconf 81' lang='lat' dir='ltr'>Lips,</span> <span class='ocrx_word' id='word_1_279' title='bbox 768 2198 809 2229; x_wconf 88' lang='lat' dir='ltr'>B.</span> <span class='ocrx_word' id='word_1_280' title='bbox 842 2196 882 2229; x_wconf 87' lang='lat' dir='ltr'>C.</span> <span class='ocrx_word' id='word_1_281' title='bbox 911 2195 969 2228; x_wconf 81' lang='lat' dir='ltr'>Al.</span> <span class='ocrx_word' id='word_1_282' title='bbox 997 2195 1113 2238; x_wconf 77' lang='lat' dir='ltr'>(ligne.</span> <span class='ocrx_word' id='word_1_283' title='bbox 1162 2196 1198 2237; x_wconf 82' lang='lat'>5)</span> <span class='ocrx_word' id='word_1_284' title='bbox 1218 2195 1296 2228; x_wconf 76' lang='lat'><em>1011.</em></span> <span class='ocrx_word' id='word_1_285' title='bbox 1325 2199 1357 2233; x_wconf 85' lang='lat'>1,</span> <span class='ocrx_word' id='word_1_286' title='bbox 1386 2197 1436 2227; x_wconf 87' lang='lat'>14.</span> 
     </span>
     <span class='ocr_line' id='line_1_37' title="bbox 137 2243 419 2284; baseline -0.004 -9"><span class='ocrx_word' id='word_1_287' title='bbox 137 2245 174 2284; x_wconf 79' lang='grc'>6)</span> <span class='ocrx_word' id='word_1_288' title='bbox 195 2243 294 2275; x_wconf 74' lang='lat' dir='ltr'>Rom.</span> <span class='ocrx_word' id='word_1_289' title='bbox 315 2246 346 2281; x_wconf 75' lang='lat'>3,</span> <span class='ocrx_word' id='word_1_290' title='bbox 367 2246 419 2275; x_wconf 75' lang='lat'>20.</span> 
     </span>
    </p>
   </div>
  </div>
 </body>
</html>
