1503 2465
284 85 680 129 ENCHIRlDION
709 86 786 127 AD
818 84 1110 126 LAURENT.
1275 84 1354 124 217

45 174 255 228 quoniam
284 173 397 212 sine
426 171 612 212 dolore
643 183 748 210 non
778 177 1027 224 pereunt,
1072 181 1205 222 quae
1242 181 1354 208 cum

46 241 225 269 amore
263 240 525 281 possessa
563 232 698 267 sunt.
766 226 856 266 Sed
891 226 1101 278 quoniam
1137 225 1358 264 alterutra

47 286 308 325 conditione
329 284 564 336 proposita
586 284 651 322 eis
683 283 833 336 potius
863 294 1019 321 carere
1043 281 1189 329 malit,
1225 293 1357 333 quam

47 340 242 388 Christo,
264 352 346 379 nec
363 340 526 379 timore
547 337 782 377 amittendi
802 338 913 377 talia
932 337 1103 377 deserit
1114 335 1356 385 Christum,

46 396 246 450 quamvis
267 395 434 444 doleat,
455 407 587 447 quum
606 394 788 444 amittit,
807 394 959 433 salvus
981 399 1051 433 est
1068 393 1262 446 quidem,
1293 392 1358 431 sic

44 458 194 492 tamen
215 452 342 504 quasi
362 463 441 504 per
460 452 631 504 ignem3
665 450 770 502 quia
793 450 884 489 urit
908 461 1007 489 eum
1034 461 1182 489 rerum
1208 448 1356 495 dolor,

46 521 156 560 quas
177 507 413 556 dilexerat,
435 507 716 553 amissarum,
743 505 929 544 sednon
948 505 1184 553 subvertit,
1212 515 1357 556 neque

46 565 271 603 consumit
287 562 567 602 fundamenti
585 561 835 602 stabilitate
859 567 993 614 atque
1017 559 1358 613 incorruptione

43 620 276 660 munitum.

102 675 149 715 C.
166 669 327 714 LXlX.
361 673 473 714 Tale
493 673 663 727 aliquid
683 673 817 713 etiam
835 677 938 726 post
957 671 1069 712 hanc
1088 672 1223 711 vitam
1242 671 1358 722 fieri,

45 731 312 770 incredibile
336 742 424 770 non
453 736 540 779 est3
575 735 619 769 et
641 735 788 769 utrum
813 731 878 769 ita
902 730 984 776 sit,
1009 728 1162 781 quaeri
1190 732 1358 780 potest,

46 793 92 826 et
123 792 198 826 aut
232 786 445 835 inveniri,
487 791 563 825 aut
596 786 763 834 latere,
804 785 1046 825 nonnullos
1084 783 1242 824 fideles
1277 795 1360 836 per

45 843 194 896 ignem
215 843 449 895 quemdam
468 842 795 895 purgatorium,
812 846 978 894 quanto
995 840 1139 892 magis
1153 840 1357 879 minusve

45 898 165 938 bona
190 898 426 950 pereuntia
451 898 727 946 dilexerunt,
762 902 887 936 tanto
923 896 1096 935 tardius
1131 896 1358 949 citiusque

46 955 231 1004 salvari3
266 967 354 993 non
387 959 535 992 tamen
569 953 706 1001 tales,
743 952 797 991 de
824 952 984 1005 quibus
1011 952 1179 991 dietum
1216 953 1360 1001 est¹)‚

45 1010 165 1064 quod
184 1022 366 1063 regnum
385 1007 473 1048 Dei
490 1021 576 1047 non
591 1008 891 1061 possidebunt,
927 1008 1015 1047 nisi
1035 1009 1360 1047 convenienter

43 1065 382 1121 poenitentibus
413 1065 569 1104 eadem
598 1064 785 1104 crimina
808 1064 1110 1103 remittantur.
1186 1063 1358 1103 Conve-

43 1124 222 1162 nienter
248 1127 396 1161 autem
423 1121 541 1169 dixi,
576 1126 624 1159 ut
648 1120 831 1159 steriles
863 1120 909 1158 in
935 1119 1240 1171 eleemosynis
1269 1131 1357 1158 non

44 1178 147 1226 sint,
168 1178 327 1231 quibus
347 1181 517 1216 tantum
538 1176 697 1215 tribuit
717 1176 938 1228 scriptura
953 1176 1117 1224 divina,
1139 1180 1185 1214 ut
1205 1187 1359 1214 earum

0 1283 1 1286 Ἰ
42 1233 352 1274 tantummodo
391 1232 585 1271 fructum
620 1244 668 1271 se
710 1232 1031 1284 imputaturum
1072 1231 1360 1283 praenuntiet

41 1289 265 1329 Dominus
292 1289 516 1337 dexteris,
552 1294 597 1328 et
621 1300 773 1327 earum
799 1287 1106 1327 tantummodo
1144 1286 1358 1326 sterilita-

43 1351 132 1385 tem
153 1345 369 1392 sinistris,
399 1343 577 1397 quando
599 1342 667 1382 his
689 1343 889 1383 dicturus
910 1344 1055 1393 est2):
1095 1340 1262 1389 Venite,
1291 1341 1358 1381 be-

43 1400 206 1441 nedicti
241 1400 379 1453 patris
415 1399 515 1448 mei,
554 1399 767 1452 percipite
806 1411 1016 1451 regnnnz;
1061 1398 1152 1438 illis
1187 1404 1355 1438 autem:

44 1456 125 1504 Ite,
154 1455 382 1503 maledicti,
409 1455 451 1494 in
470 1455 614 1507 ignem
634 1462 873 1494 aeternum.

101 1513 147 1551 C.
170 1512 308 1551 Lxx.
372 1511 487 1551 Sane
508 1510 753 1550 cavendum
772 1516 856 1559 est,
878 1522 931 1549 ne
947 1510 1180 1563 quisquam
1202 1510 1358 1549 existi·

44 1575 135 1608 met
159 1568 344 1608 infanda
366 1567 447 1606 illa
470 1567 674 1615 crimina,
705 1566 856 1618 qualia
875 1566 950 1618 qui
981 1570 1139 1619 agunt,
1168 1578 1358 1619 regnum

44 1624 131 1664 Dei
152 1638 238 1663 non
258 1622 575 1677 possidebunt,
603 1622 805 1674 quotidie
826 1621 1147 1675 perpetranda,
1174 1627 1219 1661 et
1239 1622 1357 1661 elee-

44 1682 247 1732 mosynis
281 1678 484 1732 quotidie
519 1678 854 1727 1·edim(›nda.3)
915 1677 961 1716 ln
994 1677 1156 1716 melius
1192 1678 1357 1731 quippe

45 1742 115 1775 est
148 1737 240 1774 vita
273 1734 505 1782 mutanda,
540 1739 584 1773 et
617 1746 696 1785 per
730 1734 1046 1786 eleemosynas
1078 1733 1132 1772 de
1156 1734 1356 1786 peccatis

43 1791 302 1844 praeteritis
322 1795 391 1829 est
408 1790 720 1841 propitiandus
739 1788 885 1836 Deus,
919 1802 1004 1828 non
1025 1788 1079 1828 ad
1101 1787 1187 1828 hoc
1206 1801 1355 1829 emen·

46 1848 128 1887 (lus
149 1845 495 1899 quodammodo
510 1875 520 1894 ,
550 1850 599 1884 ut
618 1857 671 1883 ea
689 1857 865 1898 semper
884 1845 1020 1884 liceat
1038 1846 1217 1896 impune
1237 1857 1356 1884 com·

43 1903 240 1942 mittere.
304 1900 482 1941 'Nemini
521 1901 637 1939 enim
672 1900 796 1940 dedit
834 1901 1133 1939 laxamentum
1168 1912 1356 1952 peccan-

47 1958 89 1998 di
106 1957 169 2007 4),
205 1957 405 2010 quamvis
430 1956 687 1995 miserando
716 1956 866 1995 deleat
889 1957 975 1995 iam
1011 1955 1132 1995 facta
1154 1962 1354 2009 peccata,

45 2014 82 2052 si
104 2027 189 2052 non
211 2011 463 2052 satisfactio
485 2024 683 2065 congrua
702 2012 972 2065 negligatur.

96 2144 130 2187 l)
153 2146 164 2174 1
189 2143 273 2175 Cor.
290 2144 328 2182 6,
358 2147 411 2180 10.
461 2145 497 2179 2]
518 2145 606 2177 Mat.
628 2148 688 2184 25,
715 2147 772 2178 34.
787 2155 833 2177 ss.
883 2143 920 2187 3)
950 2143 1007 2177 Cf.
1026 2142 1117 2185 Aug.
1142 2142 1186 2176 de
1209 2142 1275 2176 civ.
1296 2142 1353 2176 dei

46 2193 101 2230 21,
122 2194 164 2223 22
183 2193 219 2224 et
237 2193 290 2224 27.
341 2192 378 2235 4)
400 2192 459 2226 Cf.
480 2190 594 2224 Sirac.
618 2195 669 2231 15,
687 2194 739 2225 20.
