1503 2465
77 106 162 136 ΧΠ
483 95 972 139 ΑΒΘῙΙΜΕΝΤΗἪ.

74 177 102 301 000

70 359 100 668 0000

63 772 98 2140 00000000000000000000

109 203 115 210 .
135 179 167 210 7.
217 177 274 210 De
293 178 476 219 gradibus,
496 190 564 222 per
581 191 669 222 quos
681 181 726 213 ad
740 191 865 214 veram
874 181 1098 226 sapientiam
1108 185 1376 226 perveniamus.

109 248 115 255 .
135 227 166 257 8.
216 224 272 257 De
292 226 446 257 scientia
464 236 511 257 ex
529 224 634 258 libris
654 227 836 259 canonicis
855 229 1015 269 petenda
1031 240 1223 272 eorumque
1242 231 1375 265 indice.

107 293 115 301 .
131 271 162 302 9.
214 270 271 302 De
290 271 408 302 animo
426 282 493 312 quo
514 272 697 313 scriptura
715 283 743 303 s.
764 273 956 305 tractanda
974 275 1032 307 sit.
1083 275 1222 318 Aperta
1240 276 1373 308 funda-

162 319 321 348 mentum
339 327 419 349 esse
438 316 759 357 intelligendorum
778 319 1038 352 obscuriorum.

134 363 187 393 10.
216 360 368 394 Sensum
388 363 591 404 scripturae
610 364 781 405 impediri
801 368 862 396 aut
878 364 991 407 signis
1007 365 1144 409 ignotis
1167 370 1229 400 aut
1253 367 1371 401 ambi-

161 405 254 448 guis,
281 408 405 449 eisque
423 407 479 440 vel
499 410 659 450 propriis
676 407 733 441 vel
751 409 951 442 translatis.

106 476 113 484 .
134 455 187 484 ll.
212 452 256 484 A.
277 453 332 485 De
349 453 462 496 signis
480 453 619 496 ignotis
639 455 763 497 eisque
783 454 1210 499 a.proq›riis‚cognitione
1229 457 1370 501 lingua-

160 509 251 536 rum,
279 499 468 531 Hebraeae
487 504 523 532 et
543 499 718 539 Graecae,
745 500 1009 542 intelligendis.

106 568 113 574 .
137 545 189 575 12.
216 544 272 576 De
290 545 481 579 varietatis
498 546 740 588 interpretum
760 546 940 586 utilitate,
966 552 1003 580 et
1020 550 1206 582 erroribus
1224 561 1272 583 ex
1296 549 1371 583 lin-

162 600 250 630 guae
269 590 435 631 ambiguo
454 591 557 623 ortis.

104 659 112 668 .
134 637 187 667 13.
216 635 468 668 Certissimum
493 647 572 669 esse
591 637 774 679 inspicere
793 638 932 678 fontes,
958 642 1019 671 aut
1045 641 1368 683 interpretationes

160 683 301 713 textum
327 683 439 713 verbo
458 685 564 714 tenus
582 683 779 716 reddentes
803 685 924 727 sequi,
950 686 1059 718 etiam
1086 688 1115 719 si
1139 686 1369 721 soloecismis

160 729 197 759 et
214 727 450 760 barbarismis
470 739 540 760 non
559 732 718 761 careant.

105 798 111 805 .
134 776 186 805 14.
214 773 270 805 De
290 774 496 814 cognitione
513 785 637 806 vocum
657 778 694 807 et
713 773 933 808 locutionum
952 777 1229 818 incognitarum.

104 843 111 851 .
132 822 185 850 15.
214 819 270 851 De
290 820 519 861 praestantia
534 821 852 862 interpretationis
870 820 988 855 Italae
1013 829 1049 856 et
1067 823 1178 855 LXX
1195 825 1366 863 virorum,

160 863 337 906 huiusque
357 866 508 905 origine.

103 935 110 943 .
132 913 185 943 16.
212 911 246 943 b.
272 912 328 943 De
354 910 469 954 signis
493 910 632 954 ignotis
659 913 869 953 translatis,
897 917 934 947 et
959 913 1163 956 linguarum
1189 919 1225 948 et
1247 927 1368 949 rerum

157 957 291 990 notitia
308 957 586 998 investigandis.

103 1027 110 1034 .
131 1004 184 1035 17.
212 1003 268 1035 De
287 1003 428 1044 origine
447 1002 596 1036 fabulae
614 1015 742 1037 novem
760 1005 958 1039 Musarum.

103 1073 110 1081 .
132 1051 185 1081 18.
213 1050 311 1086 Quae
336 1052 437 1081 recta
461 1052 497 1082 et
519 1060 607 1082 vera
631 1049 787 1090 gentiles
814 1051 1015 1085 docuerunt
1038 1054 1081 1086 ad
1100 1052 1229 1087 literas
1245 1065 1364 1089 sacras

158 1093 419 1136 intelligendas
438 1106 507 1127 non
526 1106 604 1128 esse
622 1097 862 1138 repudianda.

103 1163 110 1171 .
129 1142 183 1173 19.
210 1141 266 1173 De
287 1141 425 1173 duobus
445 1141 689 1174 doctrinarum
709 1143 901 1183 generibus
925 1144 1022 1177 inter
1048 1144 1211 1179 homines
1236 1147 1365 1180 obviis.

103 1211 109 1218 .
128 1191 182 1219 20.
208 1187 264 1219 De
282 1187 463 1219 institutis
483 1186 672 1227 gentilium
692 1189 971 1231 superstitiosis.

102 1257 109 1264 .
127 1236 181 1265 21.
212 1231 530 1265 Genethliacorum
551 1234 825 1275 praedictiones
842 1236 1118 1277 superstitiosas
1136 1248 1229 1270 esse.

101 1303 109 1310 .
130 1282 183 1312 22.
211 1279 268 1311 De
291 1278 628 1311 mathematicorum
654 1278 997 1314 constellationibus
1021 1286 1156 1316 temere
1174 1282 1301 1316 relatis
1319 1285 1365 1317 ad

156 1326 380 1357 nascentium
399 1326 560 1357 actiones
579 1329 615 1357 et
633 1337 749 1358 mores
767 1326 1043 1368 praedicendos.

101 1395 108 1402 .
126 1373 181 1403 23.
210 1371 286 1403 Has
304 1381 416 1412 nugas
441 1371 723 1414 daemonumque
748 1373 962 1406 societatem
987 1375 1206 1418 scripturam
1230 1386 1258 1408 s.
1284 1387 1365 1417 gra·

156 1417 253 1449 viter
270 1417 491 1459 improbare.

101 1487 107 1494 .
127 1464 181 1494 24.
207 1463 335 1496 Omnia
358 1462 445 1495 haec
470 1474 542 1494 uon
566 1465 710 1502 natura,
737 1464 802 1497 sed
819 1464 933 1498 animi
950 1468 1222 1509 praesumtione
1247 1474 1284 1501 et
1308 1481 1365 1501 su-

157 1509 376 1551 perstitione
395 1507 534 1550 aliquid
551 1507 687 1542 valere.

99 1578 108 1587 .
127 1557 182 1587 25.
208 1553 463 1587 Institutorum
482 1553 716 1588 humanorum
734 1567 754 1588 a
771 1557 1035 1598 superstitione
1054 1559 1264 1592 immunium
1291 1559 1363 1593 alia

155 1601 340 1642 superflua
358 1611 437 1633 esse
456 1603 492 1632 et
508 1599 711 1640 luxuriosa,
736 1600 806 1634 alia
822 1605 1026 1636 necessaria
1044 1609 1081 1637 et
1096 1607 1294 1638 commoda.

99 1670 106 1678 .
126 1648 182 1678 26.
207 1646 428 1679 Necessaria
445 1649 482 1679 et
500 1648 687 1680 commoda
704 1648 877 1681 instituta
897 1649 1071 1684 discenda
1089 1662 1180 1684 esse.

98 1716 106 1724 .
125 1694 179 1724 ⁴27.
207 1693 262 1725 De
280 1693 408 1730 rebus,
434 1703 522 1734 quas
539 1691 701 1726 homines
720 1694 1014 1728 animadvertunt
1028 1695 1086 1729 vel
1109 1701 1279 1739 peractas
1304 1697 1363 1730 vel

156 1739 332 1771 (livinitus
350 1739 552 1770 institutas.

98 1809 104 1815 .
125 1786 180 1817 28.
208 1785 263 1817 De
284 1784 456 1816 historiae
475 1795 540 1816 usu
560 1783 603 1816 ad
623 1785 844 1827 scripturam
871 1797 898 1819 s.
918 1786 1047 1820 melius
1071 1787 1360 1830 intelligendam.

98 1855 105 1862 .
124 1833 179 1863 29.
208 1831 264 1863 De
283 1842 348 1862 usu
368 1830 624 1872 geographiae,
653 1830 842 1874 physicae,
865 1835 1118 1867 astronomiae.

97 1900 105 1908 .
123 1879 179 1908 30.
208 1876 461 1917 Cognitionem
484 1876 615 1908 artium
640 1880 677 1908 et
700 1888 819 1910 rerum
844 1879 1132 1913 mechanicarum
1155 1892 1257 1913 suum
1275 1891 1362 1924 quo-

154 1933 222 1965 que
241 1934 341 1954 usum
361 1922 549 1963 quemdam
568 1921 713 1955 habere.

98 1993 105 2000 .
125 1971 178 2001 31.
206 1969 262 2001 De
280 1980 345 2000 usu
365 1966 590 2001 dialecticae.

97 2039 105 2046 .
126 2018 179 2047 32.
209 2014 486 2046 Connexionum
510 2015 702 2047 veritatem
729 2016 772 2048 ab
800 2014 1007 2050 hominibus
1061 2019 1360 2057 animadversam,

153 2072 225 2092 non
242 2061 447 2092 institutam
466 2071 557 2091 esse.

99 2131 106 2139 .
125 2108 180 2139 33.
206 2106 249 2139 Ιη
268 2105 374 2139 falsis
393 2106 586 2138 sententiis
603 2117 726 2146 veras,
751 2108 789 2140 in
813 2109 910 2142 veris
936 2111 1130 2144 sententiis
1148 2110 1260 2144 falsas
1278 2123 1361 2144 con-

155 2151 338 2187 clusiones
357 2162 436 2186 esse
454 2162 574 2194 posse.
