1503 2465
146 111 227 151 224
509 109 745 150 AURELH
774 109 1092 150 AUGUSTINI

149 194 247 234 deam
270 192 510 246 imperium.
574 193 684 241 Quis
710 198 857 232 autem
887 194 976 232 iam
1003 205 1103 233 esse
1132 198 1363 246 peccatum
1385 206 1457 233 ne-

148 256 244 303 get,
280 262 412 301 quum
432 248 527 287 dari
549 250 721 288 veniam
740 247 1013 288 facientibus
1033 249 1286 301 apostolica
1305 257 1458 289 aucto·

146 306 281 344 ritate
301 303 523 343 fateatur?
542 304 653 342 Tale
676 303 886 356 quiddam
907 309 989 353 est,
1005 304 1081 344 ubi
1103 304 1211 344 dicit
1230 307 1289 354 ¹):
1316 303 1458 343 Audet

152 359 375 413 quisquam
400 366 585 398 vestrum
608 359 809 398 adversus
836 360 1016 398 alterum
1047 359 1270 412 negotium
1295 358 1455 398 habens

147 414 336 455 iudicari
353 415 468 466 apud
483 414 674 467 iniquos,
701 421 743 453 et
764 427 851 453 non
874 415 991 466 apud
1011 416 1211 454 sanctos?
1243 416 1296 454 Et
1319 415 1453 468 paulo

148 477 252 524 post
264 472 329 520 2);
363 469 614 509 Saeculariu
632 469 772 522 igilur
788 468 949 510 iudicia
966 469 1003 509 si
1018 470 1270 518 habueritis,
1291 471 1453 523 inquit,

149 539 219 566 eos
253 525 326 578 qui
357 525 693 577 contemptibiles
717 525 883 564 suntin
907 525 1101 574 ecclesia,
1138 525 1213 565 Itos
1248 526 1453 565 collocate

151 580 232 634 [ad
261 579 591 633 iudicaudum]?
639 580 709 620 Ad
739 580 1023 620 reverentiam
1054 581 1170 621 vobis
1203 581 1312 621 dico.
1382 580 1454 620 Sic

148 651 234 676 non
262 644 323 675 est
346 637 459 675 iuter
487 649 559 675 vos
590 636 813 688 quisquam
840 635 1029 688 sapiens,
1068 637 1141 690 qui
1166 636 1306 689 possit
1339 635 1454 675 inter

137 691 335 748 fratrem
358 705 478 730 suum
504 691 727 730 indicare?
758 691 1000 746 ›S'e‘tfrater
1020 691 1271 746 cumfratre
1287 691 1451 731 iudica-

148 747 288 797 turss),
309 754 350 786 et
366 747 447 786 hoc
465 747 582 799 apud
597 746 811 801 infideles!
835 746 944 786 Nam
965 753 1010 786 et
1028 746 1098 788 hic
1117 753 1273 801 posset
1289 747 1450 800 putari,

148 803 361 843 iudicium
388 802 553 842 habere
582 803 797 842 adversus
824 803 1034 851 alterum,
1059 816 1145 842 non
1177 816 1277 843 esse
1295 816 1452 856 pecca-

148 864 265 908 tum,
294 858 373 897 sed
396 859 704 897 tantummodo
730 858 775 898 id
802 864 930 897 extra
949 859 1186 898 ecclesiam
1204 859 1320 898 velle
1340 858 1450 898 iudi·

149 916 256 963 cari,
276 915 362 953 nisi
381 920 561 953 secutus
581 913 924 966 adiungeret4):
959 913 1053 953 Iam
1083 914 1248 967 quidem
1279 913 1450 954 omuino

147 969 345 1009 delictum
364 976 426 1008 est
446 968 580 1022 [inter
596 968 689 1021 vos]
702 998 711 1016 ‚
740 968 839 1021 quia
857 968 1017 1009 iudicia
1037 969 1203 1009 habetis
1221 969 1449 1009 vobiscum.

146 1025 204 1065 Et
222 1038 275 1065 ne
296 1025 528 1078 quisquam
553 1023 637 1064 hoc
655 1025 719 1063 ita
738 1031 988 1073 excusaret,
1009 1032 1057 1065 ut
1081 1027 1264 1073 diceret,
1284 1027 1448 1065 iustum

148 1093 197 1120 se
217 1080 381 1120 habere
400 1081 652 1133 negotium,
685 1080 764 1119 sed
790 1080 1072 1132 iniquitatem
1099 1094 1145 1120 se
1174 1082 1283 1134 pati,
1319 1093 1449 1133 quam

146 1137 286 1175 vellet
318 1148 344 1175 a
376 1148 422 1175 se
456 1135 652 1175 iudicum
688 1137 913 1175 sententia
947 1137 1190 1183 removeri,
1234 1137 1448 1176 continuo

146 1191 313 1232 talibus
346 1191 700 1244 cogitationibus
732 1191 804 1230 vel
837 1193 1203 1231 excusationibus
1237 1192 1450 1238 occurrit,

147 1254 281 1300 atque
322 1248 403 1286 ait:
450 1245 596 1296 Quare
628 1259 713 1285 non
746 1245 885 1299 magis
916 1247 1189 1300 iniquitatem
1217 1246 1452 1300 patimini?

149 1301 295 1352 Quare
320 1316 401 1341 non
423 1301 881 1356 potiusfraudmninz'?
924 1303 980 1342 Ut
1006 1303 1060 1342 ad
1088 1304 1196 1342 illud
1224 1303 1448 1350 redeatur,

148 1358 266 1411 quod
292 1357 511 1397 Dominus
538 1358 677 1407 ait5):
711 1356 760 1396 Si
786 1357 877 1409 quis
909 1358 1092 1398 voluerit
1114 1358 1304 1398 tunicam
1332 1365 1451 1398 tuum,

148 1415 313 1460 tollere,
345 1420 387 1452 et
404 1412 562 1452 iudicio
585 1420 721 1451 tecum
741 1413 1010 1461 contendere,
1039 1414 1205 1453 dimitte
1222 1414 1285 1453 illi
1303 1414 1449 1466 etpal-

146 1468 279 1515 lium‚·
313 1476 356 1508 ct
373 1469 462 1507 alio
485 1469 586 1507 loco
602 1468 660 1517 G):
698 1467 785 1517 Qui
801 1468 1036 1518 abstulerit,
1065 1470 1221 1523 inquit,
1249 1476 1336 1517 tua,
1365 1467 1455 1508 noli

148 1532 352 1577 repetere.
437 1522 675 1563 Probibuit
715 1525 867 1575 itaque
908 1539 1013 1564 suos
1047 1525 1101 1564 de
1141 1525 1450 1564 saecularibus

147 1580 281 1619 rebus
323 1593 420 1618 cum
461 1579 562 1618 aliis
604 1578 856 1618 hominibus
891 1578 1055 1619 habere
1089 1581 1317 1620 iudicium.
1384 1580 1452 1619 Ex

148 1648 235 1688 qua
254 1636 458 1675 doctrina
478 1635 586 1674 dicit
611 1635 843 1687 apostolus
869 1647 968 1674 esse
993 1636 1220 1675 delictum.
1281 1637 1452 1674 Tamen

149 1704 281 1744 quum
316 1690 422 1729 sinit
452 1690 497 1729 in
522 1691 718 1730 ecclesia
738 1690 850 1730 talia
884 1691 1050 1731 iudicia
1074 1692 1188 1730 finiri
1215 1693 1332 1730 inter
1363 1690 1450 1729 fra-

147 1751 261 1794 tres,
299 1745 513 1784 fratribus
547 1746 873 1795 iudicantibus,
910 1754 1036 1786 extra
1069 1747 1305 1786 ecclesiam
1341 1757 1448 1785 vero

147 1801 415 1842 terribiliter
446 1806 590 1849 vetat,
625 1800 911 1841 manifestum
943 1808 1011 1842 est
1045 1804 1178 1842 etiam
1210 1801 1299 1850 hie,
1345 1800 1451 1854 quid

149 1857 394 1897 secundum
413 1856 584 1895 veniam
606 1857 881 1896 concedatur
898 1858 1102 1898 infirmis.
1135 1857 1326 1909 Propter
1341 1855 1451 1895 haee

150 1918 282 1965 atque
303 1911 558 1951 huiusmodi
589 1917 792 1964 peccata,
832 1918 875 1951 et
894 1913 1005 1962 alia,
1039 1914 1148 1953 licet
1172 1916 1236 1952 eis
1260 1913 1447 1958 minora,

150 1980 263 2020 quae
293 1968 403 2007 fiunt
424 1967 663 2006 verborum
691 1972 735 2007 et
755 1969 1082 2021 cogitationum
1102 1967 1447 2014 offensionibus,

201 2104 232 2143 1)
259 2108 267 2136 1
294 2104 377 2137 Cor.
397 2106 428 2142 6,
451 2109 478 2137 l.
521 2107 558 2146 2)
578 2104 624 2137 V.
643 2107 675 2136 4.
694 2116 740 2137 ss.
782 2105 819 2143 3)
840 2104 902 2138 Sic
919 2110 1063 2138 veteres
1081 2106 1196 2143 codd„
1216 2117 1286 2137 sec.
1305 2108 1447 2137 textum

144 2149 462 2238 ·gr?ecc.;6at331.:
495 2150 627 2184 iudicio
656 2151 855 2184 contendit.
905 2154 942 2193 4)
970 2152 1011 2184 V.
1038 2154 1068 2184 ἵ.
1118 2155 1155 2195 5)
1177 2150 1306 2184 Mattb.
1332 2154 1369 2189 5,
1395 2153 1450 2182 40,
