1503 2465
138 129 215 168 142
498 128 736 170 AURELII
764 128 1085 172 AUGUSTINI

136 213 244 262 lum,
266 213 361 253 sive
378 213 602 266 privatim,
623 215 716 254 sive
737 215 792 254 ad
809 228 957 263 unum,
977 217 1071 255 sive
1091 215 1147 255 ad
1166 216 1331 270 plures,
1351 217 1445 257 sive

138 269 194 308 ad
213 269 404 317 amicos,
431 269 525 309 sive
547 270 601 309 ad
619 270 848 319 inimicos,
875 271 970 310 sive
988 272 1033 310 in
1050 278 1268 324 perpetua
1286 272 1445 312 dictio-

139 337 215 373 ne,
254 325 349 364 sive
368 324 411 363 in
432 325 761 375 collocutione,
791 328 885 365 sive
905 327 948 365 in
968 328 1235 367 tractatibus
1249 357 1259 376 ‚
1287 328 1446 368 sivein

138 379 288 429 libris,
322 380 417 419 sive
441 382 487 420 in
511 381 718 433 epistolis
745 381 817 420 vel
840 381 1118 434 longissimis
1145 383 1216 423 vel
1232 383 1445 423 brevissi·

136 436 241 484 mis,
263 447 426 488 magna
445 443 568 476 sunt:
597 436 682 476 nisi
702 436 820 476 forte
841 437 1051 489 quoniam
1070 438 1188 478 calix
1206 451 1347 491 aquae
1365 437 1442 478 fri-

137 491 272 543 gidae
291 502 362 530 res
381 491 565 530 minima
583 498 716 544 atque
734 492 954 532 vilissima
975 498 1055 540 est,
1086 494 1190 533 ideo
1214 496 1442 534 minimum

136 545 307 598 aliquid
327 551 458 598 atque
482 547 746 587 vilissimum
765 547 985 587 Dominus
1006 550 1080 598 ait,
1110 549 1229 602 quod
1249 562 1347 588 eum
1368 550 1444 602 qui

136 601 313 641 dederit
330 601 553 654 discipulo
571 603 682 652 eius,
697 616 785 643 non
801 604 960 655 perdet
972 605 1224 644 mercedem
1245 617 1384 644 suam.
1403 608 1440 655 ¹)

135 658 222 697 Aut
257 669 362 697 vero
398 658 576 710 quando
610 660 695 698 iste
730 658 891 698 doctor
913 659 959 697 in
981 660 1177 699 eeclesia
1206 659 1315 700 facit
1340 659 1440 699 inde

137 724 411 760 sermonem,
448 725 632 766 parvum
657 714 827 767 aliquid
854 714 989 754 debet
1022 715 1280 755 existimare
1306 728 1354 755 se
1380 716 1443 755 di-

138 781 257 818 cere,
278 774 322 807 et
340 768 443 807 ideo
465 781 552 808 non
573 774 840 821 temperate,
865 782 952 809 non
974 770 1220 823 granditer,
1245 771 1324 810 sed
1343 771 1444 811 sub-

136 824 275 863 misse
295 823 379 863 sibi
401 836 501 864 esse
521 824 773 864 dicendum.
816 823 976 865 Nonne
996 826 1173 878 quando
1194 827 1373 876 accidit,
1396 832 1446 865 ut

139 879 193 918 de
216 883 296 919 hae
316 891 364 919 re
384 879 673 932 loqueremur
692 880 745 919 ad
764 881 993 933 populum,
1014 887 1059 920 et
1075 881 1198 921 Deus
1219 881 1376 930 adfuit,
1397 888 1445 921 ut

138 948 228 974 non
253 935 503 987 incongrue
525 933 800 985 diceremus,
824 942 1048 988 tamquam
1068 937 1121 976 de
1140 937 1221 977 illa
1238 950 1352 990 aqua
1369 937 1445 976 fri-

139 990 246 1043 gida
264 991 482 1043 quaedam
502 989 680 1031 flamma
698 992 965 1042 surrexit2),
992 1005 1105 1045 quae
1127 994 1260 1032 etiam
1279 992 1448 1046 frigida

138 1044 369 1086 hominum
402 1051 590 1098 pectora
623 1047 678 1087 ad
706 1047 1048 1088 misericordiae
1075 1061 1213 1101 opera
1237 1048 1446 1089 facienda

139 1113 217 1154 spe
238 1102 453 1141 coelestis
472 1102 695 1142 mercedis
714 1102 1011 1142 accenderet'i

196 1157 243 1196 C.
263 1156 383 1196 XIX.
437 1157 494 1196 Et
509 1163 659 1197 tamen
679 1171 812 1212 quum
832 1158 993 1198 doctor
1012 1159 1097 1199 iste
1118 1158 1280 1200 debeat
1298 1171 1446 1199 rerum

140 1212 289 1252 dictor
317 1224 417 1252 esse
444 1226 726 1265 magnarum,
754 1226 843 1254 non
871 1227 1047 1267 semper
1067 1227 1141 1254 eas
1163 1215 1298 1254 debet
1317 1227 1445 1267 gran-

140 1268 258 1307 diter
293 1268 466 1318 dicere,
500 1268 581 1308 sed
600 1269 843 1318 submisse,
880 1282 1012 1322 quum
1047 1271 1216 1323 aliquid
1243 1270 1446 1320 docetur,

137 1329 413 1376 temperate,
449 1336 580 1376 quum
606 1324 779 1378 aliquid
802 1327 1085 1378 vituperatur
1110 1327 1202 1366 sive
1225 1325 1445 1365 laudatur.

140 1378 287 1428 Quum
304 1391 411 1419 vero
434 1379 603 1432 aliquid
622 1381 844 1433 agendum
864 1386 946 1429 est,
975 1386 1020 1421 et
1038 1381 1093 1421 ad
1114 1394 1192 1421 cos
1211 1381 1448 1434 loquimur,

140 1435 217 1488 qui
243 1433 329 1474 hoc
355 1447 491 1488 agere
519 1435 704 1484 debent,
739 1448 822 1475 nec
848 1441 994 1476 tamen
1030 1437 1207 1486 volunt,
1239 1442 1346 1476 tunc
1379 1448 1448 1486 ea,

140 1502 256 1543 quae
277 1503 439 1543 magna
458 1496 582 1539 sunt,
612 1491 803 1531 dicenda
819 1497 923 1532 sunt
946 1493 1196 1544 granditer,
1224 1498 1268 1532 et
1294 1492 1348 1531 ad
1371 1491 1448 1531 fle-

140 1546 329 1586 ctendos
354 1546 528 1586 animos
553 1552 870 1600 congruenter.
930 1547 987 1587 Et
1012 1547 1253 1600 aliquando
1280 1547 1334 1587 de
1361 1560 1452 1587 una.

140 1601 388 1654 eademque
407 1614 454 1642 re
473 1614 635 1655 magna
654 1607 699 1641 et
717 1602 938 1642 submisse
960 1603 1147 1653 dicitur,
1179 1604 1216 1643 si
1243 1603 1444 1651 docetur,

139 1662 185 1696 et
202 1662 467 1709 temperate,
488 1657 527 1697 si
544 1658 847 1710 praedicatur,
867 1663 911 1697 et
929 1659 1175 1711 granditer,
1204 1659 1241 1698 si
1261 1671 1445 1698 aversus

136 1712 241 1752 inde
271 1713 443 1752 animus
470 1718 518 1752 ut
547 1719 836 1753 convertatur
865 1714 1125 1766 impellitur.
1187 1714 1302 1762 Quid
1329 1714 1445 1753 enim

136 1766 236 1807 Deo
255 1770 355 1820 ipso
382 1770 526 1807 maius
553 1768 646 1808 est}
679 1768 904 1821 Numquid
931 1770 1035 1809 ideo
1061 1784 1148 1808 non
1175 1769 1445 1818 discituri-²)

135 1824 222 1863 Aut
235 1824 306 1876 qui
327 1823 463 1863 docet
482 1824 698 1863 unitatem
718 1825 1096 1873 trinitatis‚debet
1117 1825 1201 1865 nisi
1222 1825 1445 1865 submissa

136 1878 444 1931 disputatione
465 1891 617 1931 agere,
636 1885 684 1919 ut
701 1892 772 1918 res
789 1880 843 1918 ad
861 1880 1212 1932 dignoscendum
1231 1880 1442 1929 difficilis,

138 1940 350 1987 quantum
370 1935 521 1983 datur,
556 1935 940 1988 possitintelligi'i
972 1935 1198 1988 Numquid
1219 1934 1289 1975 hie
1315 1948 1441 1975 orna-

135 1996 309 2038 menta,
338 1995 383 2029 et
405 2002 494 2028 non
519 1989 790 2029 documenta
813 1992 1113 2043 quaeruntur&
1146 1990 1370 2043 Numquid
1394 1996 1444 2030 ut

139 2045 309 2097 aliquid
335 2050 439 2097 agat
459 2050 527 2084 est
543 2044 793 2085 flectendus
812 2046 1013 2096 auditor,
1042 2052 1086 2086 et
1109 2059 1196 2087 non
1221 2046 1373 2100 potius
1396 2050 1446 2086 ut

187 2175 219 2213 1)
241 2174 296 2206 Cf.
317 2176 404 2207 Mat.
425 2179 477 2215 10,
496 2180 551 2209 42.
587 2176 622 2219 2)
644 2176 702 2209 Cf.
720 2181 739 2210 2
756 2178 872 2211 Mace.
893 2182 922 2217 l,
941 2182 994 2212 22.
1012 2189 1061 2213 ss.
1094 2180 1132 2223 3)
1154 2178 1245 2218 Am„
1268 2177 1359 2218 Cal„
1378 2176 1441 2218 ah:

137 2219 285 2256 dicitur.
336 2220 410 2254 Sed
429 2224 531 2263 Mss„
556 2223 633 2263 Er„
657 2223 766 2256 Ben.:
794 2224 958 2259 discitur.
