1503 2465
230 125 312 164 DE
344 124 647 166 DOCTRINA
682 124 915 166 CHRls'r.
975 125 1089 168 LIB.
1121 127 1176 168 ΙΙ.
1304 128 1358 168 43

50 212 157 264 quia
182 214 225 249 et
253 222 354 250 earo
382 216 539 262 posset
563 210 709 262 accipi
725 210 931 262 proprie,
967 216 1017 250 ut
1041 223 1204 263 corpus
1232 225 1362 252 suum

52 267 240 320 quisque
259 278 313 306 ne
334 266 591 319 despiceret
608 278 655 305 se
681 271 861 317 putaret
884 266 1184 317 admonitum3
1222 272 1267 306 et
1290 267 1362 307 do-

51 321 219 361 mestici
238 321 408 361 seminis
433 322 649 361 translate
671 320 917 361 Christiani
941 328 1130 375 possent
1146 323 1362 377 intelligi,

53 389 109 417 ex
135 377 295 417 eodem
320 377 447 417 verbi
475 377 644 417 semine
679 377 915 417 nobiscum
950 378 1217 430 spiritaliter
1253 379 1361 419 nati.

50 432 181 473 Nunc
192 440 338 473 autem
351 433 518 472 collato
530 434 827 485 interpretum
842 445 978 473 sensu
995 434 1275 486 probabilior
1290 447 1363 474 oc-

52 489 443 537 curritsententia‚
459 489 640 541 proprie
661 489 715 528 de
735 490 1086 542 consanguineis
1107 503 1196 529 non
1216 490 1362 543 despi-

51 545 225 585 ciendis
246 557 346 584 esse
364 555 668 597 praeceptum,
689 546 898 598 quoniam
919 545 1172 585 domesticos
1191 545 1363 585 seminis

52 613 184 653 quum
203 601 259 641 ad
277 613 448 640 earnem
467 600 698 649 retuleris,
732 601 1059 654 consanguinei
1078 601 1363 654 potissimum

52 661 307 696 occurrunt.
354 656 481 696 Unde
502 669 602 696 esse
625 656 822 696 arbitror
840 657 953 696 illud
971 657 1169 708 apostoli
1184 660 1220 708 ¹)
1243 658 1363 710 quod

50 712 135 751 ait:
170 710 335 765 διῗ-(μιο4
353 712 478 752 modo
506 712 564 751 ad
584 711 915 752 aemulationem
941 713 1153 753 adducere
1172 720 1362 767 potuero

49 780 220 807 earnem
241 781 398 816 meam,
428 774 477 807 uc
493 767 813 821 salvossaciam
832 767 1000 821 aliquos
1019 782 1070 809 ea:
1086 768 1187 818 illis,
1211 769 1256 808 id
1277 774 1362 818 est,

47 828 98 862 ut
121 823 387 863 aemulando
414 836 493 864 eos
521 824 595 876 qui
619 823 907 864 crediderant
933 830 978 864 et
1000 825 1084 879 ipsi
1108 825 1361 865 crederent.

53 878 238 918 Carnem
262 885 412 920 autem
438 892 558 919 suam
583 880 697 920 dixit
726 880 918 920 ludaeos
953 886 1138 934 propter
1172 893 1361 921 consan-

49 935 331 987 guinitatem.
392 936 502 975 Item
520 935 632 975 illud
652 935 854 975 eiusdem
871 936 1016 976 Isaiae
1036 935 1361 990 prophetae2):

50 988 148 1030 Nisi
170 990 459 1040 credideritis,
489 1004 575 1031 non
592 990 859 1045 intelligetis,
896 993 1011 1033 alius
1036 994 1361 1046 interpretatus

50 1052 136 1086 est:
164 1046 248 1086 uisi
264 1046 553 1096 credideritis,
582 1048 1006 1100 nonpermanebitis.
1071 1049 1181 1097 Quis
1201 1048 1362 1089 horum

47 1102 186 1142 verba
201 1103 240 1153 ³)
261 1109 442 1143 secutus
464 1103 542 1151 sit,
574 1104 663 1143 nisi
681 1104 958 1156 exemplaria
975 1105 1157 1158 linguae
1177 1117 1361 1159 praece·

49 1158 195 1198 dentis
215 1158 437 1212 legantur,
456 1159 678 1199 incertum
698 1164 779 1199 est.
815 1159 903 1200 Sed
924 1166 1072 1200 tamen
1092 1173 1147 1201 ex
1165 1168 1361 1213 utroque

46 1226 256 1267 magnum
275 1214 446 1267 aliquid
462 1215 717 1254 insinuatur
735 1216 933 1255 scienter
951 1217 1224 1270 legentibus.
1261 1216 1361 1256 Dif-

47 1270 168 1310 ficile
193 1275 262 1310 est
281 1271 399 1309 enim
421 1271 486 1310 ita
508 1271 715 1311 diversos
741 1284 767 1310 a
790 1284 838 1312 se
862 1272 963 1313 fieri
983 1274 1277 1326 interpretes,
1312 1278 1362 1311 ut

46 1339 136 1366 non
163 1338 210 1365 sc
236 1326 387 1379 aliqua
409 1326 642 1366 vicinitate
666 1327 944 1381 contingant.
1003 1329 1125 1382 Ergo
1148 1331 1360 1382 quoniam

44 1380 283 1421 intellectus
300 1383 345 1421 in
365 1383 515 1434 specie
535 1384 812 1435 sempiterna
833 1389 923 1434 est,
944 1383 1060 1438 fides
1086 1397 1193 1425 vero
1220 1386 1265 1424 in
1291 1397 1359 1424 re-

43 1448 143 1476 rum
175 1438 493 1491 temporalium
519 1438 785 1491 quibusdam
820 1440 1056 1480 cunabulis
1085 1441 1213 1493 quasi
1240 1440 1358 1480 lacte

43 1493 126 1532 alit
143 1494 354 1545 parvulos
378 1495 512 1537 (nunc
531 1500 679 1534 autem
698 1507 778 1547 per
798 1495 928 1535 fidem
948 1496 1242 1545 ambulamus,
1268 1509 1359 1536 non

43 1561 124 1602 per
141 1548 414 1602 specien1⁴);
438 1550 524 1589 nisi
545 1556 693 1590 autem
714 1563 793 1603 per
812 1551 945 1591 fidem
964 1552 1356 1601 ambulaverimus,

45 1605 101 1644 ad
117 1605 311 1658 speciem
331 1607 566 1658 pervenire
587 1618 675 1645 non
695 1607 1085 1661 poterimus‚quae
1105 1621 1194 1648 non
1212 1615 1358 1648 trans-

45 1662 102 1710 it,
146 1661 224 1701 sed
263 1666 497 1714 permanet
526 1674 605 1714 per
637 1662 918 1703 intellectum
951 1670 1189 1718 purgatum
1224 1664 1356 1704 nobis

46 1715 395 1757 cohaerentibus
414 1717 632 1767 veritati),
668 1724 912 1770 propterea
930 1719 1008 1759 ille
1028 1721 1113 1759 ait:
1152 1718 1249 1759 Nisi
1267 1733 1356 1759 ere-

44 1771 253 1821 dideritis,
272 1773 710 1825 rioizpermmzebitis;
728 1773 806 1814 ille
824 1787 952 1815 vero:
972 1774 1055 1815 nisi
1073 1775 1356 1825 credideritis,

43 1840 130 1867 non
154 1827 422 1881 intelligetis.
481 1829 539 1868 Et
562 1842 618 1869 ex
645 1831 857 1883 ambiguo
878 1831 1061 1884 linguae
1081 1832 1356 1884 praeceden-

43 1883 101 1923 tis
125 1883 385 1937 plerumque
410 1884 633 1937 interpres
659 1884 858 1936 fallitur,
895 1888 968 1926 cui
992 1901 1079 1927 non
1106 1887 1221 1927 bene
1247 1893 1358 1926 nota

44 1939 269 1979 sententia
287 1945 370 1988 est,
402 1945 446 1979 et
466 1953 562 1979 cam
582 1941 963 1993 significationem
980 1941 1211 1992 transfert,
1241 1954 1355 1995 quae

45 2006 70 2033 a
87 2006 221 2035 sensu
239 1995 473 2048 scriptoris
503 1996 680 2048 penitus
704 1997 854 2037 aliena
877 2004 960 2039 est.
1023 1998 1148 2039 Sicut
1175 1999 1355 2052 quidam

92 2116 126 2154 1)
147 2112 248 2144 Rom.
270 2115 322 2149 11,
343 2113 396 2143 14.
437 2111 473 2154 2)
495 2110 580 2150 C.7,
600 2113 630 2145 9.
649 2111 857 2145 sec.LXX.
875 2106 967 2150 (οὐδὲ
984 2113 1028 2152 μὴ
1045 2115 1179 2151 συνῆ-ιι)
1200 2120 1234 2146 et
1246 2113 1353 2155 ang.

42 2168 84 2201 In
104 2169 215 2202 ΗΘΜ.
235 2169 367 2219 ³:⁸23?
390 2154 460 2213 RE,
491 2180 564 2201 nan
595 2168 801 2213 confidelis.
853 2170 889 2213 3)
916 2169 1010 2210 „Sic
1032 2175 1051 2204 3
1071 2172 1158 2204 Mss.
1179 2170 1254 2206 Alii
1274 2183 1351 2205 curn

43 2226 173 2260 editis:
204 2232 332 2260 υεν(ι.“
358 2227 447 2260 Ben.
498 2231 534 2269 4)
557 2228 614 2261 ef.
633 2232 652 2261 2
673 2228 756 2262 Cor.
777 2231 809 2268 5,
829 2230 860 2262 7.
