1503 2465
139 161 165 200 4
492 158 728 200 AURELH
758 159 1079 202 AUGUSTINI

139 243 208 283 lus
227 244 279 292 ¹),
307 247 351 284 et
376 242 434 284 ibi
462 243 616 282 audire
641 242 894 284 ineffabilia
913 244 1068 292 verba,
1098 255 1210 297 quae
1236 243 1450 284 nonlicet

139 298 307 338 homini
322 298 464 352 loqui,
477 305 553 338 aut
564 298 787 338 ibividere
800 298 1195 340 Dominumlesum
1208 297 1449 348 Christum,

141 361 185 394 et
212 354 265 393 ab
291 354 370 393 illo
400 354 551 407 potius
571 366 702 408 quam
726 354 779 394 ab
808 353 1063 395 hominibus
1084 354 1238 394 audire
1260 366 1449 407 evange-

139 410 261 449 lium.
324 409 571 449 Caveamus
597 409 713 449 tales
738 411 1015 450 tentationes
1041 410 1385 464 superbissimas
1407 415 1451 450 et

139 464 566 518 periculosissimas,
592 466 827 519 magisque
848 466 1099 517 cogitemus
1120 472 1164 506 et
1180 467 1324 518 ipsum
1346 478 1449 518 apo-

140 520 305 561 stolum
324 519 525 567 Paulum,
551 520 658 560 licet
677 521 829 562 divina
848 527 892 561 et
911 521 1100 561 coelesti
1121 533 1231 560 voce
1254 527 1449 574 prostra-

137 582 230 616 tum
252 582 295 615 et
314 575 602 624 instructum,
631 576 686 615 ad
704 575 930 616 hominem
949 584 1096 616 tamen
1121 577 1301 616 missum
1330 588 1448 623 esse,

137 637 187 671 ut
220 638 501 671 sacramenta
534 632 787 684 perciperet
821 638 954 685 atque
987 633 1275 686 copularetur
1307 632 1448 671 eccle-

139 686 233 725 siae
247 689 309 735 ’ἥς
331 691 375 726 et
395 687 705 726 centurionem
720 687 978 728 Cornelium
995 689 1193 740 quamvis
1215 687 1448 726 exauditas

140 742 371 781 orationes
398 742 493 781 eius
523 742 929 796 eleemosynasque
947 749 1176 795 respectas
1199 743 1236 781 ei
1258 742 1447 795 angelus

139 797 433 846 nuntiaverit,
470 796 606 836 Petro
627 803 776 838 tamen
796 798 1009 839 traditum
1029 798 1335 846 imbuendum,
1370 809 1449 851 per

140 864 270 906 quem
296 864 383 891 non
409 852 555 892 solum
582 859 863 894 sacramenta
888 856 1164 907 perciperet,
1206 853 1285 892 sed
1314 855 1447 892 etiam

139 908 248 962 quid
276 907 562 957 credendum,
598 909 705 962 quid
726 910 1009 962 sperandum,
1046 909 1148 962 quid
1170 908 1447 961 diligendum

140 968 283 1011 esset,
311 963 502 1003 audiret.
524 964 562 1012 3)
626 965 679 1004 Et
701 970 912 1018 poterant
937 965 1091 1017 utique
1113 965 1261 1004 omnia
1279 976 1357 1017 per
1374 976 1447 1003 an-

140 1019 289 1073 gelum
315 1019 434 1068 fieri3
471 1020 549 1059 sed
578 1020 754 1060 abiecta
779 1026 901 1060 esset
926 1019 1117 1059 humana
1150 1020 1374 1067 conditio,
1409 1019 1445 1058 si

137 1086 219 1127 per
252 1073 456 1113 homines
493 1073 747 1115 hominibus
781 1074 904 1115 Deus
939 1076 1124 1115 verbum
1157 1089 1284 1115 suum
1322 1075 1447 1115 inini-

138 1136 282 1169 strare
303 1129 423 1168 nolle
443 1130 688 1171 videretur.
743 1130 981 1177 Quomodo
1003 1132 1117 1170 enim
1138 1143 1289 1169 verum
1310 1135 1446 1178 esset,

138 1182 261 1239 quod
294 1184 460 1225 dictum
498 1192 584 1226 est:
624 1184 844 1239 Templum
878 1188 985 1227 enim
1022 1185 1110 1225 Dei
1143 1193 1338 1225 sanctum
1371 1191 1446 1233 est,

139 1240 255 1294 qaod
270 1239 367 1279 estis
387 1253 458 1280 vos
473 1240 529 1291 4),
551 1242 585 1280 si
607 1241 730 1281 Deus
751 1241 804 1281 de
826 1240 1018 1282 humano
1039 1241 1206 1294 templo
1229 1252 1448 1293 responsa

137 1308 227 1335 non
246 1295 409 1336 leddel
414 1302 480 1345 et
511 1304 556 1336 et
574 1303 740 1346 totum,
773 1298 893 1350 quod
912 1298 1172 1338 discendum
1192 1296 1446 1336 hominibus

136 1351 256 1392 tradi
274 1365 298 1388 x
303 1351 430 1399 ellet,
467 1351 520 1391 de
542 1353 671 1392 coelo
692 1359 826 1407 atque
846 1365 955 1405 ptr
943 1353 1130 1406 angelos
1155 1365 1336 1404 pearson
1325 1350 1446 1390 aret?

134 1406 342 1447 Deinde
331 1419 429 1461 ipsa
448 1408 628 1457 caritas,
655 1421 767 1461 quae
787 1408 901 1447 sibi
891 1411 1081 1449 nuicem
1102 1407 1303 1448 homines
1324 1406 1444 1446 nodo

133 1463 320 1503 unitatis
340 1462 603 1516 adstringit,
642 1476 729 1503 non
751 1463 939 1504 haberet
956 1464 1123 1504 aditum
1143 1461 1445 1502 refundendo·

134 1530 232 1558 rum
251 1523 296 1558 et
314 1519 441 1571 quasi
460 1519 793 1559 miscendorum
813 1519 994 1560 sibimet
1011 1520 1278 1566 animorum,
1309 1518 1347 1558 si
1365 1515 1441 1556 ho-

133 1576 277 1613 mines
305 1585 385 1626 per
420 1572 624 1613 homines
659 1573 770 1614 nihil
804 1574 1044 1615 discenffent
1103 1574 1160 1613 Et
1191 1578 1314 1613 certe
1346 1584 1442 1635 spa-

136 1629 297 1668 donem
317 1629 462 1677 illum,
495 1631 570 1682 qui
589 1630 776 1669 {esaiam
798 1629 1059 1682 prophetam
1080 1630 1237 1682 legens
1265 1641 1353 1668 non
1379 1629 1443 1666 in-

134 1684 388 1737 telligebat,
415 1696 560 1738 neque
579 1685 633 1724 ad
655 1685 863 1737 angelum
881 1686 1115 1738 apostolus
1133 1685 1274 1732 misit,
1300 1696 1381 1723 nec
1401 1683 1443 1722 ei

133 1751 214 1792 per
232 1740 440 1791 angelum
460 1741 505 1778 id
526 1740 645 1793 quod
665 1753 753 1779 non
772 1741 1058 1794 intelligebat
1077 1742 1344 1792 expositum,
1366 1744 1443 1778 aut

136 1795 349 1835 (livinitus
368 1796 413 1834 in
431 1802 579 1835 mente
599 1796 695 1835 sine
713 1795 906 1835 hominis
924 1797 1174 1835 ministerio
1195 1795 1439 1834 revelatum

135 1858 219 1897 est,
241 1848 322 1892 sed
340 1852 490 1903 potius
511 1852 806 1903 suggestione
828 1851 978 1891 divina
996 1852 1158 1890 missus
1178 1862 1246 1890 est
1265 1850 1318 1888 ad
1341 1862 1440 1888 eum

135 1905 342 1959 seditque
362 1918 460 1945 eum
482 1918 535 1944 eo
557 1905 807 1959 Philippus,
832 1907 905 1959 qui
928 1920 1012 1945 nov
1019 1912 1114 1945 elat
1132 1906 1213 1945 les·
1206 1906 1243 1944 u·
1252 1918 1317 1943 um
1339 1917 1389 1957 pn
1395 1918 1439 1942 o-

133 1959 329 2014 phetam,
351 1962 482 2015 eique
505 1960 707 2001 humanis
726 1976 749 1999 v
756 1962 875 2001 eibis
895 1967 938 2001 et
957 1963 1111 2013 linsrua
1130 1962 1247 2014 quod
1267 1961 1310 1998 in
1332 1960 1439 1999 scri-

132 2023 237 2069 ptui
242 2029 265 2055 a
285 2017 363 2056 illa
380 2022 545 2055 tec-tum
567 2023 663 2056 erat
687 2019 876 2070 aperuit.
894 2018 933 2067 ⁵)
979 1994 1136 2057 Nonne
1162 2029 1257 2055 cum
1277 2015 1386 2067 Moy
1391 2027 1438 2054 se

134 2072 257 2110 Deus
279 2072 568 2124 loquebatur,
605 2077 649 2111 et
668 2078 816 2111 tamen
836 2073 1072 2112 eonsilium
1091 2084 1138 2111 re
1146 2084 1198 2123 re
1206 2071 1275 2110 ndi
1306 2078 1438 2123 atque

186 2211 216 2238 Ιι
246 2206 574 2242 ·.Cor.12‚2——4.
627 2203 663 2245 2)
693 2203 774 2237 Act.
795 2206 825 2241 9,
848 2206 877 2236 3.
895 2214 941 2235 ss.
992 2202 1027 2243 3)
1055 2203 1209 2235 Act.1o.
1258 2201 1295 2243 4)
1321 2205 1329 2233 1
1355 2200 1437 2234 Cor.

134 2255 195 2288 3st
207 2255 235 2284 ἶ
287 2256 323 2295 5)
344 2253 423 2286 Act
442 2252 472 2287 S,
492 2251 542 2282 ’16-
562 2261 606 2282 ss.
