1503 2465
270 64 398 105 AUR.
429 63 677 104 AUGUS'r.
711 58 1119 102 ENCHlRlDION.
1276 58 1353 98 167

42 148 118 189 tia.
136 148 174 198 ¹)
237 147 282 188 Si
313 154 461 187 autem
482 160 694 200 quaeras,
721 158 850 199 quam
871 145 1036 184 dixerit
1055 156 1109 184 eo
1134 143 1238 183 loco
1262 144 1354 196 pie-

41 210 203 251 tatem,
227 204 483 243 distinctius
504 205 545 242 in
568 203 744 242 Graeco
765 203 965 252 reperies
985 200 1254 250 θεοσέβειαν,
1279 201 1355 252 qui

44 266 113 299 est
130 259 213 298 Dei
235 260 395 299 cultus.
451 259 630 298 Dicitur
651 258 766 297 enim
785 257 958 296 Graece
979 257 1123 308 pietas
1144 261 1188 294 et
1205 255 1353 304 aliter,

42 315 88 354 id
110 321 178 354 est
197 314 396 365 εὐοέβεια,
422 327 508 366 quo
530 315 708 353 nomine
730 312 1011 365 significatur
1028 311 1172 350 bonus
1192 311 1353 358 cultus,

46 372 245 423 quamvis
285 377 329 409 et
369 369 454 409 hoc
494 370 734 422 praecipue
768 367 993 407 referatur
1027 367 1082 406 ad
1117 367 1356 406 colendum

42 425 202 465 Deum.
264 425 350 466 Sed
379 424 490 464 nihil
518 430 590 464 est
613 424 891 464 commodius
920 423 1000 462 illo
1030 424 1229 470 nomine,
1266 435 1354 475 quo

46 481 279 520 evidenter
296 481 383 520 Dei
404 482 550 520 cultus
571 493 810 533 expressus
831 485 918 527 est,
955 491 1088 531 quum
1108 478 1214 530 quid
1234 484 1357 517 esset

44 535 237 576 hominis
259 537 482 589 sapientia
499 537 739 576 diceretur.
802 535 1051 582 Quaerisne
1077 533 1247 586 aliquid
1267 533 1357 573 dici

44 592 246 640 brevius,
267 595 341 645 qui
361 593 475 645 petis
497 604 523 631 a
546 604 639 641 me,
666 598 712 631 ut
729 591 930 630 breviter
945 602 1108 643 magna
1125 588 1357 628 dicantur‘}

45 649 109 687 An
130 646 216 689 hoe
231 648 375 700 ipsum
392 648 470 687 tibi
491 647 687 687 fortasse
703 646 935 686 desideras
955 646 1155 685 breviter
1173 646 1354 698 aperiri,

46 709 178 756 atque
198 704 242 743 in
263 716 516 743 sermonem
538 703 696 756 colligi
712 703 909 752 brevem,
931 714 1123 755 quonam
1142 701 1276 741 modo
1297 701 1357 740 sit

47 760 263 799 colendus
284 759 435 798 Deus‘.t

103 815 150 853 C.
180 815 253 855 111.
314 816 401 854 Hic
427 816 463 853 si
488 813 790 866 respondero,
817 813 950 862 fide,
976 825 1087 866 spe,
1115 812 1354 852 caritate

47 871 168 910 cole
184 871 335 909 ndum
369 871 551 918 Deum,
586 869 794 922 profecto
831 870 1031 910 dicturus
1067 881 1139 918 es,
1173 868 1355 907 brevius

46 925 132 965 hoc
154 926 318 966 dictum
339 939 460 974 esse,
490 939 620 978 quam
642 926 752 964 velis
768 955 778 974 ,
813 938 864 964 ac
884 925 1045 963 deinde
1062 925 1282 976 petiturus
1303 936 1357 963 ea

45 982 128 1021 tibi
146 982 345 1021 breviter
364 982 599 1035 explicari,
638 993 750 1033 quae
770 981 825 1020 ad
845 981 1023 1033 singula
1042 982 1129 1020 tria
1146 980 1235 1019 ista
1257 992 1355 1031 per·

45 1038 239 1085 tineam,
277 1039 380 1090 quid
411 1038 682 1077 credendum
709 1036 904 1085 scilicet,
939 1037 1043 1088 quid
1069 1035 1355 1088 sperandum,

47 1093 154 1146 quid
187 1094 421 1132 amzuulum
455 1094 527 1133 sit.
590 1093 722 1140 Quod
754 1105 886 1145 quum
918 1091 1096 1140 fecero,
1130 1091 1192 1130 ibi
1226 1096 1357 1130 erunt

49 1149 198 1187 omnia
221 1150 319 1198 illu,
351 1162 463 1201 quae
489 1149 533 1187 in
559 1148 755 1201 epistola
778 1155 854 1187 tua
874 1148 1185 1200 quaerendo2)
1207 1147 1356 1200 posui-

47 1205 120 1243 sti.
166 1206 300 1244 Cuius
323 1205 573 1256 exemplum
594 1206 631 1244 si
651 1210 720 1243 est
739 1216 876 1256 penes
897 1210 955 1252 te,
976 1202 1108 1242 facile
1135 1209 1217 1251 est,
1239 1209 1286 1241 ut
1304 1215 1359 1241 ea

46 1260 254 1299 revolvas
272 1266 315 1300 et
331 1261 507 1314 relegas
523 1274 532 1311 3
554 1262 590 1299 si
610 1265 862 1299 autemnon
879 1265 961 1309 est,
977 1264 1357 1299 commemorante

48 1328 118 1355 me
139 1317 330 1355 recolas.

106 1372 152 1410 C.
176 1371 248 1412 lV.
310 1371 390 1412 Vis
409 1372 525 1411 enim
543 1371 641 1419 tibi,
667 1377 715 1410 ut
734 1370 909 1419 scribis,
930 1370 1090 1409 librum
1111 1383 1136 1409 a
1156 1382 1222 1409 me
1244 1370 1356 1418 fieri,

51 1440 181 1480 quem
214 1427 565 1467 enchiridion
590 1428 658 1474 (ut
685 1427 856 1475 dicunt)
883 1424 1069 1473 habeas,
1102 1431 1147 1465 et
1180 1424 1235 1466 «le
1270 1426 1358 1465 tuis

50 1484 254 1523 manibus
281 1498 368 1522 uon
394 1482 604 1531 recedat,
641 1484 877 1522 continens
913 1482 1161 1534 postulata,
1193 1482 1235 1520 id
1274 1488 1358 1529 est,

52 1539 157 1591 quid
178 1538 453 1591 sequendum
472 1540 677 1586 maxime,
701 1538 805 1589 quid
824 1543 1007 1590 propter
1021 1537 1221 1576 diversas
1245 1538 1359 1589 prin-

52 1595 260 1647 cipaliter
284 1594 495 1633 haereses
522 1596 581 1633 sit
604 1592 884 1646 fugiendum,
918 1595 963 1632 in
999 1598 1209 1645 quantum
1243 1593 1358 1632 ratio

50 1663 133 1703 pro
161 1651 386 1702 religione
414 1648 676 1697 contendat,
706 1649 778 1688 vel
798 1648 902 1701 quid
930 1649 973 1687 in
992 1649 1190 1696 ratione,
1226 1661 1361 1700 quum

53 1706 165 1745 fides
184 1707 243 1745 sit
261 1706 372 1754 sola,
394 1718 482 1744 non
503 1705 741 1744 conveniat
754 1704 808 1753 3),
831 1705 935 1756 quid
955 1705 1276 1757 primum‚quid
1296 1705 1359 1743 ul-

52 1764 210 1802 timum
230 1768 459 1809 teneatur,
496 1773 607 1812 quae
627 1761 766 1799 totius
787 1759 1063 1800 definitionis
1091 1773 1262 1799 summa
1285 1762 1360 1808 sit,

57 1818 175 1870 quod
211 1824 379 1857 certum
412 1818 731 1869 propriumque
769 1816 874 1855 fidei
913 1814 1164 1856 catholicae
1204 1815 1360 1854 funda-

55 1879 266 1912 mentum.
328 1874 455 1912 Haec
475 1878 623 1911 autem
643 1873 806 1922 omnia,
833 1885 946 1925 quae
966 1872 1173 1925 requiris,
1203 1870 1361 1924 procul

110 2022 142 2062 1)
164 2021 220 2053 Cf.
242 2021 389 2060 1‹›h.28,
416 2026 470 2054 28.
522 2023 558 2063 2)
579 2020 674 2059 „Sic
692 2023 779 2054 Lov.
798 2024 834 2054 et
852 2021 940 2054 Arn.
960 2022 1064 2060 eddm,
1087 2021 1149 2053 sed
1172 2021 1260 2057 λιιι,
1288 2020 1362 2057 Er„

59 2067 152 2099 Dan.
171 2079 212 2099 nc
232 2068 316 2099 Mss.
335 2068 480 2110 plures:
500 2070 749 2112 qtmeremln.“
776 2069 864 2100 Beu.
915 2071 951 2110 3)
973 2066 1034 2100 Sic
1055 2068 1138 2100 Ben.
1158 2079 1175 2099 e
1196 2067 1365 2109 plurimis

62 2114 150 2149 mss.
200 2112 271 2147 Sed
291 2114 455 2147 nonnulli
474 2115 577 2147 codd.
598 2115 862 2157 antiquissimi:
893 2113 931 2147 in
956 2114 1100 2147 racione
1122 2114 1217 2156 (aut:
1252 2113 1288 2145 in
1303 2124 1366 2145 ra-

63 2157 214 2203 tionwn)
229 2186 236 2193 .
254 2185 261 2192 .
282 2186 288 2193 .
309 2185 315 2192 .
336 2172 406 2193 non
425 2161 557 2194 veniae.
