1503 2465
125 106 179 147 56
476 101 712 143 AURELH
741 98 1060 141 AUGUSTINI

127 189 214 230 hoc
238 188 431 230 nominis
458 186 712 241 praedium3
749 196 893 237 neque
916 185 1013 223 iure
1039 181 1130 222 ullo
1158 181 1214 221 ad
1240 180 1430 221 heredes

126 246 373 294 traiiceret,
394 243 513 297 quod
532 253 769 294 numquam
789 241 887 279 viva
907 238 1176 291 possederat
1195 242 1270 276 aut
1287 237 1431 289 possi-

127 301 321 341 dendum
346 300 580 352 petiverat.
641 296 752 336 Nam
780 295 856 334 ubi.
882 294 1070 333 vacabat
1106 293 1253 341 loeus,
1287 304 1432 345 neque

129 357 319 396 alicuius
347 355 547 407 priorum
570 357 851 392 mortuorum
874 349 1046 388 honore
1079 348 1337 396 tenebatur,
1372 346 1419 386 fa

129 419 247 452 ctum
266 419 348 460 est,
368 410 488 463 quod
511 410 555 448 in
573 409 706 447 rebus
727 407 891 446 talibus
913 405 1007 444 fieri
1029 405 1161 443 solet.
1196 403 1282 442 Pro
1299 403 1434 451 Quin-

126 469 198 508 tili
223 467 340 507 enim
365 471 410 506 et
430 464 590 505 Sextili
608 462 837 503 mensibus
857 460 1015 500 lulium
1036 465 1169 512 atque
1187 460 1436 511 Augustum

125 535 362 570 vocamus,
399 521 452 561 de
487 519 733 560 honoribus
768 517 993 556 hominum
1022 515 1121 554 lulii
1149 514 1355 554 Caesaris
1391 519 1436 553 et

125 579 314 631 Augusti
337 578 544 616 Caesaris
570 579 875 626 nuncupatos,
911 580 959 611 ut
985 571 1120 610 facile
1143 571 1214 623 qui
1241 570 1437 609 voluerit

125 634 374 691 intelligat,
407 633 541 671 etiam
567 631 647 670 illa
665 630 813 669 sidera
832 629 953 681 prius
976 627 1071 666 sine
1093 625 1163 665 his
1184 625 1435 664 nominibus

128 690 259 729 coelo
281 694 443 741 vagata
463 699 577 726 esse.
638 686 831 725 Mortuis
852 689 998 723 autem
1018 683 1125 730 illis,
1154 693 1341 734 quorum
1359 679 1436 719 ho-

127 756 290 785 norare
314 743 577 783 memoriam
602 741 674 780 vel
700 740 848 780 eoacti
872 744 974 778 sunt
993 737 1197 777 homines
1216 737 1344 789 regia.
1362 748 1438 788 po-

127 805 317 848 testate,
343 799 415 838 vel
432 799 602 851 placuit
620 796 811 836 humana
829 796 1050 843 vanitate,
1079 794 1260 833 nomina
1284 804 1439 830 eorum

127 856 411 908 imponentes
433 854 673 900 sideribus,
705 864 783 892 eos
804 851 927 904 ipsos
947 850 1031 889 sibi
1054 856 1255 888 mortuos
1275 849 1319 888 in
1338 859 1439 887 eoe-

128 912 222 951 lum
250 912 401 950 levare
429 910 707 949 videbantur.
770 906 859 947 Sed
887 905 1121 959 quodlibet
1144 909 1361 944 vocentur
1384 904 1438 943 ab

129 966 403 1013 hominibus,
425 972 527 1005 sunt
545 971 694 1004 tamen
714 963 877 1009 sidera,
907 974 1019 1013 quae
1040 960 1162 1000 Deus
1183 960 1379 998 instituit
1397 964 1441 998 et

133 1023 359 1063 ordinavit
376 1027 423 1060 ut
443 1021 600 1070 voluit,
629 1026 674 1060 et
692 1024 760 1059 est
779 1022 929 1058 certus
948 1017 1106 1056 modus
1127 1016 1323 1063 illorum,
1352 1026 1439 1066 quo

130 1085 336 1130 tempora
364 1078 700 1129 distinguuntur
724 1080 856 1127 atque
881 1074 1123 1112 variantur.
1185 1071 1325 1118 Quem
1349 1082 1440 1109 mo-

131 1141 223 1174 tum
244 1139 417 1182 notare,
440 1146 572 1186 quum
592 1132 779 1184 quisque
801 1130 1014 1176 nascitur,
1041 1140 1126 1180 quo
1145 1126 1278 1165 modo
1301 1138 1348 1165 se
1370 1124 1442 1163 ha-

131 1190 256 1238 beat,
291 1188 425 1228 facile
457 1194 526 1228 est
552 1200 631 1240 per
656 1199 809 1226 eorum
834 1186 1038 1223 inventas
1073 1182 1441 1234 conscriptasque

132 1245 337 1298 regulas3
388 1256 500 1297 quos
520 1245 558 1294 ¹)
600 1249 756 1283 saneta
807 1242 1031 1292 scriptura
1073 1238 1341 1277 condemnat
1380 1236 1442 1276 di-

135 1314 240 1341 cens
254 1302 314 1351 ²):
336 1299 383 1339 Si
400 1299 512 1339 enim
529 1305 697 1339 tantam
710 1303 952 1350 potueram*
968 1294 1091 1342 scire,
1118 1300 1168 1332 ut
1179 1299 1355 1345 possent
1375 1305 1443 1331 ae-

131 1357 310 1397 stimare
327 1356 563 1405 saeculam,
593 1353 802 1408 quomodo
822 1351 910 1392 eius
928 1349 1145 1390 dominnm
1167 1346 1444 1403 nonsacilizcs

131 1411 413 1452 invenerunt?

190 1469 238 1508 C.
262 1467 404 1506 XXII.
466 1466 554 1508 Sed
581 1478 638 1505 ex
663 1477 715 1505 ea
743 1463 977 1502 notatione
1011 1460 1127 1500 velle
1160 1459 1441 1498 nascentium

132 1536 305 1572 mores,
341 1529 490 1569 actus,
528 1528 688 1561 eventa
713 1519 995 1573 praedicere,
1028 1528 1214 1568 magnus
1241 1526 1367 1553 error
1395 1521 1440 1553 et

131 1591 294 1632 magua
311 1579 538 1618 dementia
558 1583 639 1617 est.
700 1577 755 1614 Et
776 1574 890 1627 apud
913 1586 989 1614 eos
1011 1573 1204 1624 quidem,
1233 1570 1304 1623 qui
1327 1569 1439 1610 talia

130 1634 407 1675 dediscenda
426 1634 698 1680 didicerunt,
735 1631 830 1669 sine
850 1629 942 1668 ulla
961 1628 1241 1667 dubitatione
1269 1624 1436 1665 refelli-

127 1696 201 1731 tur
219 1689 329 1729 haee
348 1690 628 1741 superstitio.
690 1685 1075 1725 Constellationes
1096 1683 1210 1721 enim
1232 1693 1339 1733 quas
1357 1694 1431 1719 vo-

129 1752 232 1786 eant
267 1747 440 1784 notatio
478 1751 546 1784 est
580 1743 797 1789 siderum,
832 1754 917 1793 quo
947 1739 1082 1778 modo
1111 1749 1158 1777 se
1194 1736 1432 1785 habebant,

128 1815 262 1854 quum
279 1801 357 1841 ille
379 1806 662 1847 nasceretur,
690 1799 743 1837 de
764 1809 850 1849 quo
872 1795 946 1834 isti
965 1794 1116 1833 miseri
1138 1806 1162 1832 a
1187 1791 1431 1831 miseriori-

126 1858 209 1897 bus
229 1856 535 1896 eonsuluntur.
596 1854 715 1894 Fieri
744 1857 892 1891 autem
919 1855 1091 1903 potest,
1118 1854 1167 1888 ut
1194 1849 1329 1900 aliqui
1357 1859 1431 1900 ge-

126 1914 234 1952 mini
254 1919 343 1952 tam
363 1913 618 1964 sequaciter
637 1909 877 1949 fundantur
897 1918 951 1945 ex
971 1911 1123 1953 utero,
1157 1909 1206 1942 nt
1223 1903 1433 1942 interval-

126 1968 216 2008 lum
241 1968 458 2021 temporis
483 1969 601 2009 inter
624 1978 703 2004 eos
727 1963 893 2003 nullum
921 1961 1067 2013 possit
1092 1958 1366 2011 adprehendi
1386 1963 1431 1997 et

176 2109 211 2150 l)
238 2108 299 2140 Er.
320 2110 357 2140 et
375 2105 469 2139 Cal:
501 2107 615 2150 quod,
642 2114 791 2146 quorum
810 2100 904 2134 alter
922 2100 1010 2133 haec
1027 2099 1139 2132 verba
1156 2108 1267 2140 usqne
1284 2097 1326 2129 ad
1349 2107 1427 2139 cap.

126 2155 230 2187 finem
250 2153 427 2194 glossema
445 2163 524 2185 esse
542 2154 667 2194 putat,
701 2149 794 2190 qnod
814 2159 834 2180 a
851 2159 922 2179 non
945 2147 1088 2179 nemine
1115 2144 1267 2186 margini
1293 2143 1430 2176 adscri-

128 2205 229 2243 ptum
247 2201 285 2233 in
304 2203 447 2232 textum
463 2198 670 2240 irrepserit.
720 2199 756 2239 2)
777 2193 862 2237 Sap.
883 2196 932 2232 13,
953 2196 984 2226 9.
