1503 2465
146 119 202 158 74
503 117 740 158 AURELII
769 117 1090 159 AUGUSTIM

146 202 349 250 adiuvat,
384 215 515 255 quam
538 203 594 242 ad
620 202 854 255 incognita
877 202 1030 256 signa,
1060 202 1114 242 de
1149 203 1308 256 quibus
1337 219 1453 246 nune

145 259 335 311 agimus,
366 258 699 311 cognoscenda.

201 314 247 353 C.
276 313 371 354 XL.
431 312 701 367 Philosophi
736 318 883 353 autem
913 314 988 366 qui
1022 320 1260 365 vocantur,
1293 318 1331 356 si
1367 329 1454 370 qua

141 368 262 408 forte
297 382 405 408 vera
438 374 485 409 et
508 369 614 409 fidei
645 375 827 409 nostrae
856 369 1201 410 adcommodata
1227 371 1452 422 dixerunt,

141 425 333 464 maxime
354 424 602 474 Platonici,
634 438 720 464 non
749 425 893 464 solum
917 423 1203 465 formidanda
1225 439 1314 467 non
1332 433 1450 476 sunt,

142 480 221 520 sed
246 481 300 520 ab
332 481 396 520 eis
425 481 559 520 etiam
583 486 809 533 tamquam
833 481 1011 520 iniustis
1036 483 1379 533 possessoribus
1404 484 1450 523 in

140 548 269 576 usum
285 543 486 575 nostrum
509 536 790 576 vindicanda.
851 536 977 576 Sicut
996 539 1110 576 enim
1129 539 1338 592 Aegyptii
1361 552 1448 578 non

141 592 286 631 solum
304 592 429 631 idola
447 591 674 632 habebant
691 598 734 631 et
754 604 892 631 onera
914 593 1091 645 gravia,
1120 607 1232 646 quae
1256 595 1448 647 populus

139 647 281 687 lsrael
302 647 605 687 detestaretur
624 654 668 687 et
686 647 885 700 fugeret,
922 649 1002 687 sed
1022 650 1155 688 etiam
1184 662 1291 690 rasa
1313 656 1448 703 atque

142 709 405 742 ornamenta
423 703 476 742 de
497 716 607 743 auro
631 710 675 743 et
695 709 907 757 argento,
944 710 988 743 et
1004 711 1193 753 vestem,
1230 718 1342 759 quae
1368 706 1448 746 ille

140 759 333 811 populus
360 760 514 798 exiens
545 759 598 798 de
623 760 831 812 Aegypto
860 760 944 799 sibi
968 761 1118 812 potius
1140 768 1365 814 tamquam
1392 762 1449 802 ad

139 828 270 854 usum
288 814 520 854 meliorem
541 815 745 855 clanculo
772 815 1035 865 vindicavit,
1064 830 1152 855 non
1177 818 1449 858 auctoritate

139 872 346 924 propria,
373 871 453 909 sed
471 877 714 923 praecepto
733 871 835 920 Dei,
856 871 965 924 ipsis
985 872 1218 925 Aegyptiis
1247 874 1448 913 nescien-

138 932 211 965 ter
230 926 618 966 commodantibus
635 939 702 975 ea,
716 928 875 979 quibus
896 940 983 966 non
1003 928 1117 967 bene
1139 928 1375 968 utebantui¹
1391 931 1447 979 ¹):

141 982 207 1022 sic
233 982 466 1021 doetrinae
497 995 650 1022 omnes
682 983 916 1036 gentilium
951 996 1039 1022 non
1065 984 1210 1023 solum
1241 985 1450 1024 simulata

143 1044 187 1077 et
216 1038 534 1090 superstitiosa
558 1039 772 1091 figmenta
795 1051 1046 1091 gravesque
1069 1041 1269 1080 sarcinas
1295 1053 1446 1094 super-

141 1094 326 1132 vacanei
352 1093 521 1133 laboris
546 1092 730 1141 habent,
766 1107 880 1147 quae
915 1096 1222 1149 unusquisque
1247 1104 1447 1136 nostrum

142 1150 255 1188 duce
277 1148 455 1189 Christo
477 1150 530 1189 de
552 1151 771 1190 societate
793 1151 1027 1203 gentilium
1047 1153 1200 1191 exiens
1221 1152 1354 1192 debet
1374 1153 1448 1192 ab·

143 1206 331 1244 ominari
350 1210 483 1258 atque
504 1206 725 1255 devitare,
761 1207 840 1246 sed
861 1207 995 1246 etiam
1013 1207 1224 1247 liberales
1251 1209 1447 1262 discipli-

142 1274 220 1300 nas
246 1262 345 1300 usui
375 1262 579 1301 veritatis
604 1263 803 1315 aptiores
833 1268 877 1302 et
896 1263 1114 1315 quaedam
1131 1276 1303 1303 morum
1322 1276 1447 1316 prae-

142 1322 273 1368 cepta
298 1317 541 1356 utilissima
566 1319 819 1365 continent,
849 1318 993 1371 deque
1022 1319 1120 1371 ipso
1148 1333 1235 1359 uno
1255 1320 1353 1359 Deo
1375 1332 1448 1359 co-

140 1372 274 1411 lendo
303 1373 516 1412 nonnulla
534 1386 640 1412 vera
657 1374 945 1413 inveniuntur
964 1376 1079 1427 apud
1097 1388 1175 1415 eos
1189 1405 1199 1424 ‚
1234 1376 1353 1429 quod
1373 1388 1447 1415 eo-

138 1440 234 1467 rum
254 1433 477 1481 tamquam
496 1441 649 1468 aurum
672 1436 716 1469 et
735 1436 988 1482 argentum,
1018 1431 1138 1484 quod
1161 1443 1247 1470 non
1273 1432 1358 1484 ipsi
1382 1432 1445 1470 in-

138 1485 403 1533 stituerunt,
433 1484 513 1524 sed
534 1484 587 1523 de
605 1486 868 1538 quibusdam
896 1487 1019 1538 quasi
1049 1487 1243 1527 metallis
1268 1488 1444 1527 divinae

136 1539 470 1591 providentiae,
505 1553 617 1592 quae
646 1543 809 1593 ubique
833 1540 984 1581 infusa
1006 1547 1092 1591 est,
1129 1549 1359 1592 eruerunt,
1399 1549 1445 1582 et

136 1608 223 1647 quo
243 1607 454 1646 perverse
473 1602 606 1648 atque
625 1598 844 1636 iniuriose
864 1598 918 1636 ad
940 1597 1158 1650 obsequia
1176 1599 1441 1639 daemonum

133 1652 391 1700 abutuntur,
408 1665 538 1704 quum
560 1652 613 1691 ab
633 1665 789 1692 eorum
807 1653 972 1692 misera
989 1655 1209 1694 societate
1229 1667 1329 1695 sese
1347 1655 1438 1694 ani-

133 1719 203 1745 mo
223 1712 417 1758 separat,
439 1707 574 1747 debet
591 1709 645 1748 ab
666 1709 730 1747 eis
750 1708 928 1748 auferre
940 1708 1218 1749 Christianus
1234 1711 1288 1750 ad
1311 1724 1438 1751 usum

131 1764 298 1802 iustum
318 1763 605 1816 praedicandi
628 1765 866 1817 evangelii.
928 1764 1110 1804 Vestem
1135 1778 1313 1819 quoque
1336 1766 1437 1805 illo-

131 1830 241 1865 rum,
263 1819 308 1858 id
322 1824 403 1867 est,
425 1817 652 1858 hominum
672 1820 849 1872 quidem
868 1821 1089 1869 instituta,
1108 1822 1188 1860 sed
1202 1827 1349 1861 tamen
1364 1822 1437 1861 ad·

132 1875 417 1914 commodata
434 1873 651 1914 humanae
671 1877 897 1924 societati,
910 1889 996 1929 qua
1013 1877 1057 1915 in
1076 1875 1158 1916 hac
1175 1879 1267 1917 vita
1282 1889 1436 1917 carere

130 1943 218 1969 non
262 1942 521 1983 possumus,
562 1932 767 1983 accipere
809 1938 942 1984 atque
978 1930 1142 1971 habere
1178 1933 1360 1986 licueijit
1389 1935 1436 1972 in

128 1999 258 2025 usum
277 1986 582 2025 convertenda
600 1985 914 2026 fhristianum.
973 1987 1085 2027 'Nam
1107 1989 1212 2040 quid
1231 1989 1354 2028 aliud
1371 1987 1436 2028 fe-

131 2048 289 2081 cerunt
306 2042 429 2080 multi
452 2042 555 2079 boni
577 2042 734 2081 fideles
759 2044 929 2082 nostri!
963 2042 1119 2082 Nonne
1145 2044 1431 2097 adspicimuS‚

131 2104 296 2149 quanto
318 2110 426 2136 auro
447 2103 490 2136 et
509 2104 696 2150 urgento
719 2103 765 2137 et
781 2105 906 2138 veste
928 2097 1243 2139 suffarcinatus
1271 2100 1436 2140 exierit

178 2222 212 2260 l)
234 2216 292 2249 Cf.
309 2217 430 2249 Esou,
450 2222 481 2258 3,
501 2223 553 2252 21.
575 2230 603 2252 s.
630 2223 681 2257 12,
701 2221 754 2252 35.
776 2230 802 2251 s.
