1503 2465
226 88 304 128 DE
334 87 637 128 DOCTRINA
670 90 899 132 CHRIST.
960 92 1073 133 Lm.
1108 94 1160 134 ll.
1298 98 1351 137 75

40 174 94 214 de
115 174 322 227 Aegypto
340 174 603 226 Cyprianus,
627 173 788 214 doctor
805 177 1098 218 suavissimus
1119 183 1164 218 et
1180 186 1352 233 martyr

38 229 353 269 beatissimus'.l
385 234 549 282 quanto
570 229 853 279 Lactantius,
886 240 1052 285 quanto
1073 233 1351 286 Victorinus,

44 286 258 338 Optatus,
282 284 509 331 Hilarius,
538 290 586 323 ut
605 286 658 325 de
682 286 792 326 vivis
812 288 1010 328 taceam?
1039 296 1204 342 quanto
1225 293 1351 331 innu-

39 341 281 380 merabiles
304 339 489 380 Graeci?
526 340 657 388 Quod
688 343 812 393 prior
833 344 929 396 ipse
953 345 1244 387 fidelissimus
1262 346 1349 387 Dei

39 397 233 436 famulus
257 396 444 448 Moyses
463 394 658 445 fecerat,
689 397 742 436 de
763 411 848 450 quo
869 400 1082 452 scriptum
1105 407 1198 451 est,
1229 403 1350 454 quod

41 453 244 492 eruditus
264 451 402 491 fuerit
421 451 540 491 omni
560 454 781 504 sapientia
798 455 1138 508 Aegyptiorum.
1158 459 1194 508 ¹)
1244 459 1349 506 Qui-

39 507 123 548 bus
150 507 356 547 omnibus
380 507 488 547 viris
508 509 825 560 superstitiosa
842 513 1043 563 gentium
1065 514 1348 553 consuetudo

42 567 109 612 (et
125 564 316 603 maxime
337 563 429 603 illis
448 563 748 616 temporibus,
774 578 906 618 quum
927 565 1095 607 Christi
1121 570 1349 609 recutiens

39 620 193 672 iugum
218 618 499 659 Christianos
529 620 900 672 persequebatur)
922 621 1203 675 disciplinas,
1239 638 1350 678 quas

40 675 177 716 utiles
198 673 404 724 habebat,
420 688 653 727 numquam
669 678 990 727 commodaret,
1009 680 1049 719 si
1064 692 1140 719 eas
1159 681 1204 719 in
1222 694 1351 720 usum

43 731 222 772 colendi
243 733 373 771 unius
387 730 489 780 Dei,
511 744 597 783 quo
616 745 753 771 vanus
772 732 997 773 idolorum
1014 734 1160 775 cultus
1177 738 1350 776 exscin-

43 787 247 836 deretur,
281 798 546 826 conversum
567 787 623 826 iri
656 788 977 841 suspicaretur.
1003 790 1110 836 ,Sed
1129 791 1351 832 dederunt

43 855 198 882 aurum
228 848 273 883 et
296 847 530 895 argentum
557 848 602 881 et
628 849 798 883 restem
827 857 951 884 suam
979 848 1161 887 exeunti
1179 847 1347 901 populo

39 898 128 939 Dei
149 899 203 938 de
217 900 437 951 Aegypto,
458 899 710 939 nescientes
731 901 1104 953 quemadmodum
1120 903 1214 953 illa,
1233 915 1346 956 quae

44 955 227 1003 dabant,
263 955 307 993 in
329 953 492 993 Christi
517 955 780 1008 obsequium
802 956 1030 997 cederent.
1089 958 1207 999 Illud
1229 960 1348 999 enim

41 1012 87 1050 in
110 1010 268 1049 Exodo
291 1009 458 1050 factum
482 1011 577 1050 sine
611 1011 747 1051 dubio
781 1012 1020 1065 figuratum
1058 1020 1146 1065 est,
1181 1020 1230 1054 ut
1261 1014 1348 1054 hoc

40 1067 367 1119 praesignaret.
440 1065 572 1114 Quod
605 1068 700 1106 sine
737 1068 1015 1121 praeiudicio
1051 1071 1237 1111 alterius
1272 1077 1349 1111 aut

39 1123 159 1174 paris
181 1128 256 1161 aut
275 1122 474 1162 melioris
495 1123 824 1175 intelligentiae
844 1124 1048 1165 dixerim.

97 1178 143 1216 C.
166 1177 283 1218 XLI.
343 1177 432 1218 Sed
453 1177 537 1218 hoc
555 1179 687 1218 modo
707 1180 950 1221 instructus
972 1181 1221 1222 divinarum
1240 1183 1347 1222 scri-

38 1239 268 1288 pturarum
285 1234 514 1274 studiosus
534 1247 666 1287 quum
685 1235 739 1275 ad
760 1247 835 1275 eas
853 1238 1201 1288 perscrutandas
1221 1251 1348 1278 acee-

41 1290 147 1330 dere
179 1290 404 1343 coeperit,
442 1290 555 1330 illud
584 1291 886 1343 apostolicum
914 1293 1117 1346 cogitare
1143 1307 1230 1333 non
1251 1306 1346 1334 ces·

40 1352 128 1386 set:
150 1345 343 1386 Scientia
362 1343 502 1397 inflat,
521 1346 682 1386 caritas
702 1346 918 1401 aedificat.
936 1350 976 1399 2)
1024 1349 1091 1388 lta
1109 1350 1223 1389 enim
1247 1362 1345 1389 sen·

37 1402 137 1452 tiet‚
159 1401 359 1455 quamvis
380 1402 434 1441 de
453 1403 658 1455 Aegypto
680 1402 804 1443 dives
826 1410 972 1453 exeat,
997 1409 1145 1444 tamen
1168 1406 1253 1445 nisi
1270 1418 1344 1458 pa-

39 1456 148 1498 scha
167 1458 326 1511 egerit,
344 1458 514 1497 salvum
533 1471 580 1497 se
600 1469 700 1498 esse
720 1471 807 1498 non
824 1471 975 1512 posse.
1001 1459 1177 1501 Pascha
1196 1468 1346 1501 autem

38 1519 242 1554 nostrum
267 1513 524 1553 immolatus
555 1519 624 1553 cst
650 1513 929 1566 Christus-³),
966 1515 1167 1570 nihilque
1200 1518 1345 1571 magis

37 1569 290 1609 immolatio
311 1568 477 1608 Christi
503 1582 584 1608 nos
613 1569 769 1619 docet,
803 1584 932 1623 quam
960 1572 1072 1611 illud
1101 1573 1221 1626 quod
1248 1574 1344 1626 ipse

42 1625 205 1665 clamat
227 1630 451 1678 tamquam
477 1625 530 1664 ad
558 1638 657 1672 eos,
695 1639 807 1679 quos
831 1628 875 1666 in
899 1628 1105 1681 Aegypto
1131 1629 1212 1668 sub
1232 1628 1346 1668 Pha-

42 1693 181 1721 raone
209 1681 332 1721 videt
358 1681 586 1721 laborare:
631 1679 779 1721 Venite
804 1683 862 1722 ad
885 1696 948 1723 me
976 1683 1050 1737 qui
1071 1684 1280 1724 laboratis
1304 1691 1347 1724 et

43 1737 215 1777 onerati
231 1737 345 1785 estis,
367 1743 407 1777 et
428 1751 506 1790 ego
526 1736 720 1790 reficiam
736 1751 822 1778 vos.
869 1737 1022 1780 Tollite
1038 1740 1188 1793 iugum
1206 1753 1345 1781 meum

37 1806 166 1846 super
192 1805 285 1842 vos,
320 1799 363 1832 et
388 1791 535 1832 discite
561 1806 586 1832 (ι
614 1806 698 1842 me,
735 1793 835 1847 quia
860 1794 975 1835 milis
997 1808 1089 1835 snm
1107 1803 1147 1836 et
1171 1795 1344 1836 humilis

40 1848 194 1898 corde;
228 1855 269 1889 et
284 1848 506 1888 invenietis
526 1848 713 1901 requiem
730 1849 954 1890 atzimabus
972 1851 1134 1892 vestris.
1182 1851 1343 1904 Iugum

41 1904 153 1945 enim
178 1917 316 1945 meum
342 1904 431 1943 lene
455 1911 535 1952 est,
566 1912 608 1944 et
628 1904 801 1945 sarcina
818 1919 910 1946 mea
927 1906 1027 1947 Ievis
1045 1914 1119 1947 est.
1134 1907 1174 1958 4)
1237 1909 1343 1956 Qui-

38 1961 138 2009 bus,
166 1961 253 2001 nisi
272 1960 454 2001 mitibus
475 1966 519 1999 et
539 1959 779 2001 humilibus
799 1963 951 2011 corde,
978 1975 1090 2016 quos
1110 1976 1196 2003 non
1219 1963 1346 2004 inflat

39 2017 252 2064 scientia,
283 2016 362 2055 sed
384 2016 549 2056 caritas
568 2016 801 2058 aedificati
832 2018 1120 2059 Meminerint
1140 2031 1248 2073 ergo
1271 2031 1345 2059 eo-

40 2148 326 2228 ¹1l),3Vid.At-t.
347 2153 377 2189 ’1,
397 2152 452 2183 22.
486 2149 523 2193 2)
548 2153 559 2183 1
584 2149 665 2184 Cor.
684 2152 715 2191 8,
735 2154 765 2184 1.
798 2151 835 2194 3)
857 2150 914 2185 Cf.
937 2155 952 2185 1
976 2151 1059 2185 Cor.
1077 2155 1110 2191 5,
1130 2153 1160 2185 7.
1196 2152 1233 2195 4)
1254 2152 1345 2186 Mat.

83 2220 90 2235 ,
111 2200 130 2228 ⁶.
157 2219 164 2227 .
183 2206 229 2228 ss.
