1503 2465
90 149 166 188 llS
449 145 683 187 AURELII
711 144 1029 186 AUGUSTIM

89 235 324 278 caverent,
346 231 462 270 sicut
480 230 674 270 rusticos
693 228 851 269 urbani
868 226 1223 282 reprehendunt,
1252 231 1389 271 etiam

89 288 162 340 qui
183 287 338 325 literas
357 285 576 325 nesciunt.

146 343 192 381 C.
206 341 277 381 lV.
311 341 459 380 Debet
476 339 869 392 igiturdivinarum
889 340 1208 392 scripturarum
1225 345 1389 381 tracta·

90 403 228 437 toret
247 397 428 445 doctor,
453 394 666 434 defensor
685 399 836 434 rectae
855 395 959 434 fidei
985 408 1036 435 ac
1055 395 1308 435 debellator
1325 408 1391 435 er-

89 453 223 500 roris,
245 458 289 491 et
304 453 424 491 bona
445 451 609 491 docere
634 455 678 489 et
697 449 814 489 mala
831 450 1070 499 dedocere,
1091 456 1223 502 atque
1241 451 1285 490 in
1305 449 1391 491 hoc

93 519 230 560 opere
250 507 470 546 sermonis
492 505 735 545 conciliare
755 504 969 544 adversos
986 508 1045 555 ¹),
1073 506 1287 545 remissos
1306 508 1391 546 eri-

92 575 220 615 gere,
247 561 551 601 nescientibus
570 560 675 612 quid
695 566 877 612 agatur,
910 561 1015 612 quid
1036 568 1298 613 exspectare
1318 561 1392 600 de-

91 619 227 658 beant
245 618 467 656 intimare.
528 616 612 656 Ubi
633 622 780 654 autem
798 615 1060 664 benevolos,
1079 618 1293 665 intentos,
1314 617 1391 656 do-

91 675 203 714 ciles
222 679 298 712 aut
316 673 550 720 invenerit,
567 677 641 710 aut
660 671 755 723 ipse
775 669 948 720 feeerit,
969 676 1119 710 cetera
1138 671 1393 724 peragenda

91 735 213 776 sunt,
241 731 358 768 sicut
379 726 578 780 postulat
595 738 767 765 caussa.
828 725 872 766 Si
895 725 1082 766 docendi
1104 733 1206 766 sunt
1224 728 1296 777 qui
1317 740 1392 766 au-

89 785 238 832 diunt,
270 784 525 822 narratione
546 781 799 820 faciendum
823 786 911 831 est,
946 781 982 820 si
1002 787 1147 820 tamen
1173 782 1391 834 indigeat,

89 845 140 879 ut
163 851 235 878 res
261 839 314 878 de
335 850 422 891 qua
440 838 589 890 agitur
610 837 875 875 innotescat.
935 837 993 876 Ut
1013 844 1160 876 autem
1179 849 1292 889 quae
1313 837 1389 876 du-

87 895 165 934 bia
183 900 286 934 sunt
306 898 430 933 certa
447 893 568 941 fiant,
591 891 870 931 documentis
890 891 1103 931 adhibitis
1123 892 1390 932 ratiocinan-

89 951 193 990 dum
215 955 296 989 est.
357 948 400 989 Si
426 960 533 987 vero
554 948 629 1000 qui
657 947 843 986 audiunt
864 947 1072 987 movendi
1094 953 1198 987 sunt
1221 947 1390 999 potius,

90 1019 220 1059 quam
241 1004 455 1053 docendi,
481 1008 531 1042 ut
552 1003 595 1041 in
616 1015 669 1042 eo
691 1002 808 1055 quod
832 1003 917 1042 iam
940 1004 1088 1042 sciunt
1106 1003 1280 1055 agendo
1302 1015 1391 1042 non

87 1066 320 1114 torpeant,
345 1065 391 1098 et
406 1059 539 1098 rebus
560 1058 818 1107 adsensum,
844 1071 952 1110 quas
971 1070 1099 1099 veras
1126 1070 1225 1099 esse
1250 1057 1392 1099 faten-

88 1123 178 1164 tur,
208 1114 574 1162 adcommodent,
603 1113 847 1153 maioribus
875 1114 1053 1154 dicendi
1080 1115 1248 1154 viribus
1280 1125 1391 1167 opus

90 1179 173 1212 est.
234 1171 300 1210 lbi
319 1169 658 1210 obsecrationes
681 1175 725 1207 et
747 1170 1103 1222 increpationes,
1128 1170 1392 1210 concitatio·

87 1239 169 1268 nes
197 1232 241 1266 et
271 1225 596 1274 coercitiones,
633 1230 676 1264 et
712 1237 1017 1278 quaecumque
1044 1226 1132 1265 alia
1158 1226 1308 1264 valent
1336 1225 1394 1265 ad

90 1280 440 1322 commovendos
458 1281 629 1319 animos
648 1286 749 1319 sunt
767 1282 1037 1320 necessaria.
1098 1281 1154 1319 Et
1171 1279 1282 1320 haee
1299 1281 1393 1333 qui-

90 1338 191 1377 dem
218 1342 399 1384 cuncta,
433 1347 544 1388 quae
566 1335 680 1383 dixi,
712 1348 865 1375 omnes
890 1335 986 1375 fere
1012 1334 1213 1376 homines
1239 1337 1285 1375 in
1310 1336 1392 1384 eis,

91 1405 204 1447 quae
225 1392 477 1444 eloquendo
498 1397 649 1443 agunt,
673 1390 824 1430 facere
845 1403 931 1430 non
953 1392 1202 1444 quieseunt.

148 1449 195 1487 C.
216 1447 269 1488 V.
332 1447 420 1486 Sed
445 1459 577 1498 quum
603 1445 680 1485 alii
711 1445 880 1485 faciant
906 1447 1086 1495 obtuse,
1114 1446 1393 1495 deformiter,

90 1503 276 1557 frigide,
302 1502 381 1542 alii
398 1506 543 1547 acute,
565 1506 735 1549 ornate,
759 1500 1062 1551 vehementer,
1089 1502 1214 1541 illum
1235 1502 1289 1541 ad
1310 1500 1395 1540 hoc

95 1572 222 1612 opus,
245 1558 359 1597 unde
379 1558 567 1609 agimus,
592 1556 679 1595 iam
699 1562 878 1608 oportet
896 1558 1127 1605 accedere,
1153 1557 1227 1610 qui
1246 1561 1397 1610 potest

96 1615 324 1667 disputare
351 1613 423 1652 vel
452 1612 603 1651 dicere
629 1613 878 1663 sapienter,
914 1613 1089 1652 etiamsi
1123 1625 1211 1651 non
1243 1617 1396 1665 potest

96 1670 382 1722 eloquenter,
423 1673 472 1706 ut
503 1667 648 1719 prosit
680 1666 966 1707 audientibus
981 1697 991 1717 ,
1033 1668 1207 1707 etiamsi
1249 1668 1395 1707 minus

95 1737 225 1777 quam
248 1724 496 1776 prodesset,
519 1724 554 1761 si
575 1727 619 1761 et
638 1722 904 1774 eloquenter
922 1729 1075 1776 posset
1094 1723 1258 1762 dicere.
1308 1721 1398 1770 Qui

93 1792 202 1819 vero
229 1778 388 1818 adfluit
409 1777 639 1829 insipienti
671 1777 950 1829 eloquentia,
989 1783 1113 1817 tanto
1149 1778 1292 1830 magis
1326 1790 1396 1816 ca-

93 1834 263 1874 vendus
285 1840 366 1881 est,
383 1839 547 1885 quanto
566 1833 709 1885 magis
725 1833 777 1871 ab
797 1845 850 1871 eo
870 1833 912 1872 in
934 1833 1013 1881 eis,
1027 1845 1139 1885 quae
1158 1834 1313 1872 audire
1333 1833 1397 1871 in-

92 1890 206 1930 utile
227 1895 309 1937 est,
331 1889 583 1928 delectatur
600 1888 794 1936 auditor,
820 1894 863 1926 et
883 1901 980 1927 eum
1000 1884 1208 1940 quoniam
1228 1888 1397 1927 diserte

97 1946 248 1985 dicere
282 1945 426 1991 audit,
469 1944 602 1982 etiam
636 1954 741 1981 vere
776 1943 926 1982 dicere
966 1944 1206 1982 existimat.
1270 1943 1399 1981 Haec

95 2006 244 2039 autem
263 1998 486 2038 sententia
504 2010 586 2036 nee
603 1997 708 2036 illos
724 1997 853 2050 fugit,
870 1999 941 2050 qui
962 2004 1100 2038 artem
1123 1997 1396 2037 rhetoricam

96 2055 342 2095 docendam
365 2059 594 2106 puturunt3
614 2052 720 2091 fassi
737 2059 839 2091 sunt
853 2054 966 2092 enim
987 2053 1283 2105 „sapientiam
1300 2053 1395 2091 sine

97 2110 356 2163 eloquentia
376 2121 528 2162 parum
544 2108 759 2160 prodesse
780 2108 1057 2157 civitatibus,
1093 2108 1398 2161 eloquentiam

145 2235 180 2274 l)
201 2231 290 2271 Δηι,
318 2230 393 2268 Ει·.,
423 2228 498 2262 Cal.
517 2233 553 2263 et
570 2231 588 2262 3
609 2228 713 2262 codd.
734 2228 854 2272 Lips..
882 2239 1028 2262 aversos
