1503 2465
307 93 705 135 ENCfflRlDlON
735 95 811 135 AD
843 94 1136 136 LAURENT.
1303 97 1383 138 249

122 178 169 218 C.
196 177 373 218 CXVII.
433 178 525 217 lam
550 191 686 231 porro
723 181 953 229 caritas,
989 193 1140 233 quam
1175 180 1382 222 duabus

64 234 214 283 istis,
241 234 291 273 id
319 240 428 284 est,
462 233 576 274 fide
604 248 661 273 ac
688 249 778 288 spe
807 236 1060 275 maiorem
1089 237 1227 277 dixit
1255 250 1377 291 apo·

63 290 317 340 stolus1),
352 295 519 344 quanto
556 290 598 329 in
638 303 922 344 quocumque
952 293 1097 331 maior
1123 299 1213 342 est,
1250 299 1379 333 tanto

64 347 229 386 melior
250 351 333 395 est,
353 347 397 385 in
417 359 504 398 quo
527 352 608 385 est.
661 346 805 394 Quum
828 348 944 386 enim
968 350 1214 400 quaeritur,
1235 356 1382 389 utrum

66 405 256 455 quisque
278 403 336 441 sit
354 400 668 451 homobonus,
696 416 784 442 non
805 404 1052 456 quaeritur,
1085 405 1190 458 quid
1211 405 1381 454 credat,

66 463 143 497 aut
169 462 342 510 speret,
374 457 454 497 sed
478 457 584 510 quid
612 464 746 498 amet.
805 458 916 498 Nam
937 461 1022 512 qui
1050 465 1198 500 recte
1223 468 1382 511 amat,

67 514 259 566 procul
283 513 445 553 dubio
474 519 626 553 recte
655 513 831 554 credit
859 521 911 554 ct
934 522 1141 568 sperat3
1171 517 1248 569 qui
1273 530 1382 557 vero

64 583 168 617 non
190 574 330 618 amat,
364 569 560 608 inaniter
591 569 756 619 credit,
793 571 972 611 etiamsi
1006 572 1095 611 sint
1127 584 1235 612 vera
1267 585 1380 627 quae

66 625 231 676 credit;
278 626 474 664 inaniter
499 631 673 677 sperat,
710 626 885 666 etiamsi
916 627 972 666 ad
1006 640 1156 667 veram
1189 628 1383 669 felicita-

64 687 155 720 tem
176 681 426 720 doceantur
444 683 670 734 pertinere
691 694 804 734 quae
827 688 993 735 sperat,
1014 683 1101 722 nisi
1121 688 1166 723 et
1184 682 1270 724 hoc
1289 698 1383 724 cre-

64 736 142 776 dat
174 750 225 776 ae
258 742 431 790 speret,
482 737 601 790 qnod
637 738 721 777 sibi
760 738 933 789 petenti
966 739 1126 778 donari
1156 742 1303 793 possit
1334 746 1384 781 ut

63 798 197 832 amet.
261 793 473 840 Quamvis
500 794 617 831 enim
643 806 826 846 sperare
852 795 950 834 sine
976 807 1128 834 amore
1163 808 1250 835 non
1281 811 1382 850 pos-

64 849 143 897 sit,
180 849 275 888 fieri
296 854 443 888 tamen
466 854 638 901 potest,
674 854 720 888 ut
739 850 781 888 id
804 863 890 889 non
912 856 1053 900 amet,
1091 853 1188 891 sine
1217 866 1303 906 quo
1325 853 1381 893 ad

62 905 132 953 id,
169 904 288 958 quod
309 910 480 958 sperat,
518 919 606 944 non
626 911 778 958 potest
796 907 1055 959 pervenire:
1089 913 1315 960 tamquam
1342 909 1382 947 si

64 966 217 1013 speret
239 962 370 999 vitam
390 967 619 1000 aeternam
641 961 790 1014 (quam
807 966 906 1014 quis
936 975 1022 1001 non
1044 963 1208 1012 amath
1229 970 1274 1003 et
1292 978 1381 1004 non

65 1021 186 1055 amet
218 1016 457 1064 iustitiam,
494 1018 589 1055 sine
625 1030 712 1069 qua
746 1030 877 1056 nemo
915 1019 967 1057 ad
1004 1018 1126 1057 illam
1161 1022 1383 1072 pervenit.

65 1072 168 1125 lpsa
193 1077 263 1111 est
289 1078 438 1111 autem
464 1072 576 1112 fides
597 1071 783 1121 Christi,
811 1086 939 1126 quam
966 1075 1253 1114 commendat
1278 1089 1384 1129 apo-

66 1127 232 1176 stolus,
261 1140 375 1180 quae
396 1139 475 1180 per
494 1128 785 1167 dilectionem
808 1132 1095 1181 operatur2)‚
1127 1136 1172 1170 et
1192 1132 1309 1184 quod
1338 1133 1384 1171 in

67 1183 316 1223 dilectione
337 1184 531 1223 nondum
553 1183 710 1232 habet,
749 1186 861 1237 petit
880 1192 928 1224 ut
955 1186 1171 1236 accipiat,
1207 1188 1385 1240 quaerit

65 1244 116 1279 ut
141 1240 365 1288 inveniat,
393 1240 542 1292 pulsat
568 1245 615 1278 ut
635 1243 865 1291 aperiatur
884 1240 994 1291 ei.³)
1055 1242 1213 1282 Fides
1244 1256 1383 1282 nam-

67 1307 166 1347 que
198 1296 478 1349 impetrat,
521 1296 658 1348 quod
696 1295 784 1335 lex
818 1297 1061 1349 imperat.
1139 1297 1251 1338 Nam
1286 1302 1383 1337 sine

64 1351 153 1390 Dei
176 1351 318 1401 dono,
344 1352 387 1391 id
410 1356 497 1400 est,
526 1352 623 1390 sine
644 1352 804 1403 spiritu
825 1359 1008 1401 saneto,
1036 1365 1116 1405 per
1143 1367 1272 1407 quem
1300 1355 1383 1394 dif-

63 1406 268 1447 funditur
287 1407 452 1446 caritas
471 1408 512 1445 in
535 1408 748 1447 cordibus
771 1408 1007 1458 noso-1:5⁴),
1027 1409 1180 1449 iubere
1198 1410 1267 1449 lex
1286 1418 1380 1464 pot-

67 1464 169 1512 erit,
199 1476 286 1502 non
308 1463 482 1511 iuvare,
515 1469 559 1502 et
580 1465 989 1515 praevaricatorom
1010 1465 1194 1518 insuper
1212 1466 1380 1515 facere,

66 1518 216 1571 quide
237 1519 497 1572 ignorantia
515 1531 562 1557 se
588 1531 806 1558 excusare
834 1532 919 1558 non
949 1523 1110 1573 possit.
1171 1522 1383 1575 Regnat

66 1574 211 1614 enim
251 1574 484 1614 earnalis
519 1575 816 1627 cupiditas,
872 1575 961 1615 ubi
1006 1590 1111 1616 non
1158 1584 1239 1617 est
1277 1579 1379 1619 Dei

65 1631 286 1670 caritas.

122 1687 169 1725 C.
192 1684 389 1726 cxviii.
424 1685 512 1726 Sed
534 1698 689 1738 quum
717 1687 766 1725 in
794 1685 1098 1728 altissimis
1127 1689 1380 1742 ignoran-

67 1742 178 1781 tiae
209 1742 477 1789 tenebris,
510 1742 655 1781 nulla
690 1742 989 1783 resistente
1024 1745 1262 1793 ratione,
1300 1759 1380 1785 se-

65 1811 158 1836 eun
172 1798 198 1837 d
211 1811 288 1837 um
319 1810 441 1836 carn
455 1810 476 1835 (¹
491 1811 529 1836 m
562 1798 789 1846 vivitur,
818 1796 929 1838 haee
953 1806 1057 1839 sunt
1077 1802 1219 1852 prima
1239 1800 1379 1840 homi-

63 1853 147 1892 nis.
208 1853 384 1894 Deinde
411 1866 542 1906 quum
573 1866 653 1906 per
681 1854 825 1907 legem
863 1856 1065 1908 cognitio
1094 1855 1233 1895 fuerit
1260 1856 1383 1898 facta

63 1910 260 1961 peccati,
295 1911 330 1948 si
363 1910 554 1948 nondum
577 1909 752 1948 divinus
776 1910 959 1950 adiurat
980 1912 1185 1964 spiritum,
1222 1925 1379 1952 secun·

68 1965 171 2003 dum
198 1965 344 2018 legem
368 1965 524 2004 volens
550 1966 698 2004 vivere
724 1967 915 2005 vincitur
946 1972 990 2006 et
1023 1968 1170 2006 sciens
1207 1975 1378 2019 peccat,

65 2027 346 2074 peccatoque
374 2021 579 2061 subditus
605 2021 744 2061 servit
771 2025 816 2071 (a
847 2036 928 2075 qno
948 2021 1057 2062 enim
1080 2022 1171 2075 quis
1192 2024 1378 2063 devictus

115 2199 148 2241 Ι)
174 2204 184 2232 1
208 2199 291 2232 Cor.
315 2202 365 2240 13,
391 2203 440 2234 13.
489 2203 526 2242 2)
548 2199 630 2234 Gal.
648 2202 678 2238 5,
697 2202 729 2233 6.
779 2200 1015 2243 3))1ιιιιιι.ῖ,
1039 2203 1068 2233 ἵ.
1120 2204 1156 2243 4)
1178 2201 1277 2234 Rom.
1295 2205 1325 2241 5,
1344 2205 1379 2235 5.
