1503 2465
207 157 283 196 Da·
315 155 622 197 DOCTRINA
653 156 885 198 CHRIST.
947 157 1061 198 LIB.
1094 158 1149 199 ΙΙ.
1282 160 1334 201 33

21 241 250 295 proditur,
276 242 411 281 etiam
436 241 567 281 nobis
591 252 682 281 non
705 241 752 280 id
779 241 1020 295 agentibus
1040 247 1087 283 ut
1102 243 1335 295 prodatur.

24 298 114 339 Sed
138 297 192 337 de
220 295 307 337 hoc
330 303 431 337 toto
457 309 625 350 genere
644 310 761 337 nunc
781 297 1010 338 disserere
1038 312 1127 338 non
1148 305 1217 339 est
1236 312 1336 352 pro-

21 355 233 408 positum.
311 353 534 401 Quoniam
572 358 723 392 tamen
761 353 924 393 incidit
965 354 1010 393 in
1047 355 1337 408 partitionem

24 416 246 458 nostram,
296 410 536 461 praeteriri
571 410 751 448 omnino
787 422 877 449 non
912 413 1079 462 potuit3
1129 417 1263 464 atque
1293 412 1339 451 id

24 464 242 504 hactenus
261 470 465 505 notatum
484 477 584 504 esse
604 463 852 505 suffecerit.

80 521 126 559 C.
150 520 202 560 11.
262 519 382 559 Data
398 532 506 560 vero
528 521 659 574 signa
677 526 794 570 sunt,
814 533 931 574 quae
951 521 1034 561 sibi
1053 534 1257 575 quaeque
1277 524 1338 561 ri-

23 578 177 616 ventia
208 577 402 616 invicem
437 576 543 616 dant
576 577 633 616 ad
672 576 1075 626 demonstrandos,
1124 584 1338 631 quantum

22 636 233 684 possunt,
264 638 414 671 motus
443 633 580 671 animi
605 634 696 682 sui,
730 632 805 672 vel
822 644 980 683 sensa,
1016 633 1087 673 vel
1104 634 1340 674 intellecta

23 687 266 741 quaelibet.
328 687 422 727 Nec
440 688 532 728 ulla
551 700 712 728 caussa
729 694 799 728 est
816 689 950 728 nobis
971 689 1271 742 significandi,
1292 691 1338 730 id

23 749 115 792 est,
150 744 268 796 signi
290 743 448 793 dandi,
484 744 567 783 nisi
588 743 643 783 ad
663 744 1018 796 depromendum
1045 751 1090 785 et
1111 746 1339 786 traiieien-

24 798 129 838 dum
153 799 201 838 in
227 800 414 840 alterius
443 800 636 839 animum
656 799 722 849 id,
755 801 876 852 quod
897 801 1047 841 animo
1069 801 1189 855 gerit
1205 803 1244 842 is
1264 803 1340 855 qui

23 855 199 908 signum
225 854 314 896 dat.
375 855 549 895 Horum
574 856 715 909 igitur
742 857 976 909 signorum
1002 869 1168 911 genus,
1204 871 1338 911 quan-

22 918 116 950 tum
145 911 201 950 ad
225 909 431 951 homines
451 912 644 961 adtinet,
673 911 966 953 considerare
985 919 1120 966 atque
1142 918 1339 954 tractare

25 967 279 1015 statuimus,
305 967 410 1020 quia
429 972 474 1007 et
492 968 623 1021 signa
641 967 856 1008 divinitus
879 968 999 1019 data,
1032 981 1146 1022 quae
1164 970 1210 1009 in
1231 971 1339 1009 scri-

26 1023 168 1074 pturis
192 1025 360 1062 sanctis
391 1024 696 1073 continentur,
728 1035 810 1076 per
834 1021 1042 1065 homines
1069 1025 1201 1065 nobis
1226 1025 1340 1066 indi-

26 1084 127 1117 cata
145 1085 267 1127 sunt,
299 1079 374 1132 qui
395 1091 448 1118 ea
464 1079 846 1133 conscripserunt.
909 1080 1093 1121 Habent
1111 1081 1246 1121 etiam
1264 1082 1340 1122 be·

26 1134 141 1173 stiae
163 1133 382 1186 quaedam
399 1136 518 1175 inter
535 1147 584 1175 se
603 1135 748 1189 signa,
769 1135 935 1189 quibus
954 1136 1152 1189 produnt
1169 1137 1340 1191 adpeti-

25 1196 120 1228 tum
151 1190 286 1229 animi
312 1191 394 1229 sui.
455 1189 567 1230 Nam
593 1196 638 1231 et
663 1191 811 1244 gallus
846 1192 1130 1245 gallinaceus
1157 1200 1339 1246 reperto

27 1244 129 1284 cibo
153 1246 229 1285 dat
249 1246 425 1297 signum
443 1248 569 1286 vocis
594 1248 790 1300 gallinae
807 1277 818 1297 ‚
851 1256 905 1288 ut
928 1248 1163 1298 adcurrat,
1199 1256 1245 1289 et
1267 1262 1340 1289 co-

26 1300 204 1341 lumbus
225 1302 396 1355 gemitu
417 1302 671 1342 columbam
687 1309 840 1353 vocat,
873 1304 950 1344 vel
979 1304 1032 1344 ab
1058 1316 1113 1344 ea
1138 1304 1340 1346 vicissim

24 1363 235 1407 vocatum
282 1364 327 1397 et
367 1358 506 1397 multa
540 1357 799 1399 huiusmodi
834 1360 1138 1400 animadverti
1173 1361 1337 1402 solent.

25 1412 151 1461 Quae
186 1420 332 1453 utrum
367 1414 484 1453 sicut
516 1414 664 1454 vultus
696 1420 774 1455 aut
807 1415 1006 1455 dolentis
1040 1416 1212 1456 clamor
1244 1419 1340 1458 sine

24 1469 310 1522 significandi
342 1470 574 1509 voluntate
608 1475 853 1524 sequantur
885 1476 1058 1512 motum
1093 1473 1249 1522 animi,
1284 1486 1340 1514 an

23 1537 128 1564 vere
155 1526 209 1565 ad
237 1525 582 1579 significandum
610 1526 794 1576 dentur,
828 1526 921 1567 alia
939 1529 1146 1581 quaestio
1167 1534 1258 1578 est,
1293 1536 1340 1569 et

21 1580 77 1620 ad
96 1593 204 1630 rem,
225 1594 338 1635 quae
358 1584 521 1635 agitur,
541 1594 629 1621 non
650 1583 859 1636 pertinet.
926 1583 1069 1632 Quam
1089 1590 1262 1638 partem
1282 1585 1335 1625 ab

22 1635 108 1676 hoc
127 1649 263 1689 opere
283 1644 509 1691 tamquam
527 1650 617 1677 non
635 1639 940 1679 necessariam
960 1652 1257 1681 removemus.

75 1693 123 1732 C.
143 1693 216 1734 ΙΙΙ.
278 1692 518 1747 Signorum
541 1694 703 1746 igitur,
736 1695 899 1747 quibus
924 1696 1044 1735 inter
1061 1709 1109 1736 se
1129 1695 1334 1738 homines

19 1761 100 1787 sua
119 1761 252 1789 sensa
270 1751 620 1797 communicant,
652 1751 872 1804 quaedam
892 1752 1120 1804 pertinent
1145 1753 1202 1792 ad
1226 1766 1330 1793 ocu-

20 1804 165 1844 lorum
187 1818 388 1853 sensum,
413 1806 628 1858 pleraque
652 1806 708 1845 ad
737 1808 934 1856 aurium,
970 1809 1245 1861 paucissima
1275 1811 1332 1849 ad

19 1866 199 1901 ceteros
232 1873 405 1901 sensus.
465 1861 576 1900 Nam
616 1874 748 1915 quum
780 1863 1023 1912 innuimus,
1059 1878 1149 1904 non
1174 1865 1331 1905 damus

19 1919 197 1970 signum
232 1917 319 1957 nisi
363 1917 506 1957 oculis
543 1917 667 1966 eius,
715 1930 847 1972 quem
889 1919 1094 1960 volumus
1131 1932 1212 1974 per
1244 1919 1330 1961 hoc

19 1974 196 2024 signum
229 1973 477 2013 voluntatis
511 1978 695 2013 nostrae
730 1975 999 2028 participem
1042 1974 1208 2016 facere.
1274 1977 1332 2017 Et

18 2027 198 2080 quidam
216 2031 392 2075 motul)
414 2041 622 2068 manuum
639 2029 854 2084 pleraque
879 2031 1155 2083 significant:
1192 2037 1237 2071 et
1266 2031 1330 2071 hi-

17 2085 214 2124 striones
255 2085 450 2123 omnium
485 2085 787 2125 membrorum
825 2087 1025 2127 motibus
1060 2087 1166 2127 dant
1200 2088 1332 2140 signa

16 2140 236 2192 quaedam
256 2140 519 2191 scientibus,
538 2146 582 2180 et
602 2154 701 2181 cum
717 2141 860 2183 oculis
885 2154 1038 2183 eorum
1059 2144 1185 2196 quasi
1203 2142 1329 2184 fabu-

66 2262 98 2300 l)
126 2257 182 2290 Al.
202 2264 336 2295 motus,
363 2262 408 2294 al.
431 2261 545 2303 (Cal.)
563 2274 629 2307 per
647 2269 779 2297 molus.

70 2312 276 2352 fuscus-r.
296 2313 476 2354 Doc‘rn.
500 2316 698 2356 Cifflis'r.
1025 2311 1057 2352 C
