1503 2465
127 62 156 90 x

128 133 155 165 C

124 224 150 257 C

124 315 151 348 C

124 454 164 486 C.

122 546 150 579 Q

121 685 149 809 00

119 1611 145 1642 ἢ

119 1702 147 1827 eff&

119 1979 162 2016 C.

117 868 159 1504 00000000

164 61 247 90 xw
531 51 1032 94 ARGUMENTUM.

159 157 167 163 .
187 135 241 166 62.
269 132 344 165 Per
371 132 516 166 Christi
541 135 758 167 sacrificium
787 137 907 169 omnia
940 137 1158 176 instaurari,
1191 141 1227 171 et
1260 137 1435 173 coelestia

215 190 293 211 cum
313 180 551 211 terrestribus
571 184 607 212 et
627 183 820 214 terrestria
839 193 916 214 cum
938 181 1159 216 coelestibus
1177 186 1374 226 pacificari.

157 226 237 257 .63.
266 226 337 257 Dei
366 236 513 267 pacem,
547 226 584 257 in
615 238 727 268 regno
761 226 913 260 coelesti
949 233 1174 269 versantem,
1208 229 1435 273 praecellere

212 282 352 302 omnem
371 270 611 303 intellectum.

158 340 166 348 .
186 318 241 349 64.
269 317 508 349 Peccatorum
528 319 779 351 remissionem
810 320 996 361 pertinere
1020 321 1063 353 ad
1086 325 1198 354 totam
1215 322 1328 354 vitam
1348 333 1431 354 san·
1465 350 1468 354 .

214 366 353 395 ctorum
372 362 574 402 mortalem,
604 375 708 407 quam
728 366 873 408 quidem
890 367 967 398 sine
987 367 1156 406 crimine,
1181 368 1245 400 sed
1264 379 1334 400 non
1352 369 1430 401 sine

216 413 365 451 peccato
385 413 509 450 agunt.

183 456 237 487 65.
267 456 385 487 Deum
404 456 593 488 remittere
613 459 776 498 peccata,
797 455 964 499 sedopus
975 469 1053 491 esse
1067 460 1305 502 poenitentia,
1327 460 1430 492 cuius

215 504 381 543 tempora
398 502 441 533 ab
462 500 621 534 ecclesia
639 503 715 534 iure
735 504 1020 536 constituuntur.

157 571 163 578 .
184 548 237 580 66.
262 547 530 579 Remissionem
550 552 784 589 peccatorum
804 550 918 590 magis
936 550 1012 582 fieri
1034 555 1188 593 propter
1202 551 1360 583 futurum
1376 553 1429 584 iu-

212 593 365 630 dicium,
393 604 500 635 quum
526 594 637 626 etiam
661 593 809 636 parvuli
833 595 1017 638 baptizati
1043 596 1149 629 malis
1176 597 1330 630 diversis
1348 609 1428 634 cru-

211 639 367 672 cientur.

154 710 161 717 .
181 686 234 717 6⁷.
265 683 393 717 Salvos
412 684 552 717 futuros
571 696 670 725 esse,
698 687 898 728 quiveram
923 687 1032 720 sidem
1060 687 1214 727 liabent,
1244 699 1332 731 quae
1357 690 1429 722 nisi

212 730 246 759 ἐν
264 726 378 768 ἀγάπῃ
397 735 581 773 operetur,
612 732 711 767 νεκρά
731 733 800 761 ἐστι
820 732 898 760 καθ’
919 733 1049 771 ἐνυιήν.

155 801 162 809 .
183 778 237 810 68.
265 776 503 820 Explanatur
519 789 628 810 verus
647 790 773 811 sensus
791 776 863 811 loci
884 783 899 812 1
921 780 1003 813 Cor.
1022 783 1053 819 3,
1083 784 1136 812 ll.
1154 792 1200 813 ss.
1223 781 1266 814 de
1285 780 1427 814 salvan-

211 824 267 856 dis
285 835 352 866 per
370 825 502 864 ignem.

154 893 161 901 .
182 871 236 902 69.
264 868 417 902 Fideles
448 871 623 913 quosdam
650 871 758 902 citius
782 871 995 914 tardiusque
1014 873 1098 913 igne
1118 873 1274 915 quodam
1293 885 1427 916 purga-

209 917 302 948 torio
323 915 470 955 salvari,
498 915 719 948 incredibile
738 928 810 948 non
828 928 917 950 esse.

153 988 160 994 .
180 965 233 995 70.
263 962 429 995 Crimina
448 961 691 1003 eleemosynis
710 974 781 994 non
801 974 908 1004 posse
926 964 1070 1001 redimi,
1090 965 1158 997 nisi
1171 966 1427 999 vitamutetur.

152 1033 159 1040 .
177 1012 231 1042 71.
261 1009 469 1041 Orationem
487 1007 651 1041 fidelium
669 1010 917 1051 quotidianam
937 1011 1160 1043 satisfacere
1172 1013 1426 1053 peccatislue-

206 1056 312 1087 vilius
330 1054 557 1097 levibusque.

152 1123 159 1129 -
181 1103 233 1134 72.
262 1100 381 1134 Multa
399 1112 479 1133 esse
498 1112 633 1139 ¹genera
652 1099 982 1142 eleemosynarum,
1009 1114 1100 1145 quae
1127 1115 1233 1146 quum
1259 1103 1425 1144 facimus,

209 1148 434 1185 adiuvamur,
465 1140 510 1179 ut
522 1147 755 1180 dimittantur
772 1152 898 1180 nostra
916 1154 1080 1191 peccata.

152 1196 233 1227 .73.
262 1193 585 1234 Eleemosynarum
611 1204 806 1225 maximam
831 1205 910 1227 esse
936 1198 1088 1239 peccata
1124 1196 1308 1229 dimittere
1341 1207 1426 1239 pec-

208 1241 375 1273 cantibus
395 1243 431 1272 et
451 1238 605 1279 diligere
623 1238 801 1272 inimicos.

178 1289 232 1320 74.
262 1287 422 1319 Peccata
439 1297 458 1318 a
477 1286 545 1318 deo
565 1297 634 1317 non
654 1288 789 1318 dimitti
808 1286 874 1325 eis,
901 1287 962 1329 qui
980 1288 1194 1328 rogantibus
1212 1300 1282 1322 non
1302 1289 1424 1322 ‹limit-

208 1336 289 1365 tunt
305 1344 352 1365 ex
370 1332 491 1365 corde.

152 1404 159 1411 .
178 1381 232 1412 75.
259 1378 515 1419 Eleemosynis
539 1389 609 1410 non
636 1379 805 1412 mundari
836 1378 1035 1412 sceleratos
1069 1384 1105 1413 et
1136 1380 1320 1420 infideles,
1352 1382 1424 1415 nisi

209 1426 347 1459 fuerint
364 1425 494 1457 renati.

153 1497 160 1504 .
181 1475 234 1505 76.
262 1472 331 1510 Qui
349 1470 427 1503 vult
447 1469 696 1512 eleemosynas
713 1472 881 1505 ordinate
898 1471 1039 1510 facere,
1065 1483 1144 1504 eum
1163 1484 1183 1505 a
1201 1484 1238 1505 se
1263 1474 1344 1516 ipso
1366 1474 1426 1507 de-

209 1519 295 1551 bere
313 1519 478 1560 incipere
496 1518 517 1549 i.
537 1528 568 1549 e.
586 1528 751 1558 agamus,
787 1522 825 1551 ut
851 1520 1088 1551 misereamur
1113 1523 1258 1552 nostrae
1283 1521 1424 1553 animae

209 1569 245 1597 et
264 1566 323 1606 pie
343 1569 512 1605 recteque
532 1564 704 1595 xivamus.

151 1634 162 1644 .
180 1613 232 1642 77.
261 1611 313 1644 Ut
339 1611 472 1642 munda
496 1610 583 1641 liant
602 1622 721 1641 omnia
739 1607 998 1650 eleemosynis,
1025 1609 1255 1651 iniquitatem
1280 1609 1424 1651 fugien-

211 1657 293 1689 dam
312 1668 403 1695 esse,
433 1666 538 1698 quam
560 1657 588 1687 si
610 1656 691 1698 quis
711 1654 844 1696 dilig-it,
869 1656 947 1687 odit
965 1656 1118 1687 animam
1137 1667 1247 1687 suam.

154 1727 160 1734 .
180 1707 234 1736 78.
264 1705 363 1741 Quae
383 1705 534 1744 peecata
550 1703 623 1733 sint
642 1700 747 1739 levia,
778 1712 867 1742 quae
887 1702 1022 1742 gravia,
1051 1701 1164 1733 divini
1185 1712 1264 1733 esse
1283 1700 1424 1733 iudicii.

154 1773 161 1780 .
181 1751 234 1782 79.
262 1752 361 1787 Quae
382 1752 533 1791 peccata
551 1747 736 1779 levissima
755 1751 942 1789 putantur,
968 1759 1048 1779 esse
1065 1748 1247 1780 interdum
1266 1747 1400 1785 gravia.

153 1819 160 1826 .
177 1799 231 1828 80.
259 1796 421 1827 Peccata
445 1795 608 1836 quamvis
627 1805 756 1834 magna
781 1800 817 1826 et
841 1793 1040 1831 horrenda,
1070 1805 1133 1825 usu
1161 1794 1278 1825 videri
1303 1793 1425 1825 multis

210 1853 323 1884 parva
341 1845 402 1873 aut
419 1839 519 1872 nulla
538 1851 627 1872 esse.

154 1911 161 1919 .
181 1892 234 1920 81.
262 1889 422 1920 Peccata
446 1898 525 1919 esse
551 1890 612 1918 aut
635 1886 862 1926 ignorantiae
888 1889 950 1917 aut.
973 1885 1214 1922 infirmitatis,
1249 1895 1269 1916 a
1294 1884 1424 1926 quibus

208 1935 406 1971 vincemur,
432 1933 503 1965 nisi
526 1933 700 1964 divinitus
719 1932 943 1963 adiuvamur.

180 1983 235 2014 82.
263 1980 319 2012 Aa
338 1980 602 2021 poenitentiam
623 1978 799 2018 agendam
817 1977 1062 2009 necessariam
1088 1987 1166 2009 esse
1189 1976 1256 2008 Dei
1282 1976 1423 2008 miseri-

211 2026 382 2059 cordiam.

153 2099 160 2106 .
178 2076 232 2106 83.
261 2072 330 2109 Qui
357 2072 557 2104 contemnit
582 2073 719 2102 tantam
747 2069 859 2101 divini
885 2069 1046 2102 muneris
1070 2067 1299 2110 largitatem,
1324 2078 1425 2101 reum

211 2129 290 2151 esse
308 2118 451 2160 peccati
472 2118 507 2150 in
528 2117 697 2159 spiritum
719 2118 894 2148 sanctum.
