1503 2465
311 102 710 145 ENCHIRIDION
740 104 818 145 AD
852 104 1148 146 LAURENT.
1314 105 1394 146 233

133 188 180 228 C.
202 187 339 229 XCV.
389 188 517 228 Tunc
536 201 624 228 non
642 188 817 236 latebit,
838 190 958 242 quod
979 203 1095 230 nunc
1113 190 1238 237 latet,
1259 202 1395 242 quum

77 244 133 285 de
161 243 336 283 duobus
360 244 558 296 parvulis
582 257 696 284 unus
722 251 846 285 esset
876 246 1180 286 adsumendus
1206 258 1287 298 per
1306 245 1396 286 Dei

75 300 456 348 misericordiam,
491 300 607 339 alius
627 312 708 352 per
726 301 942 340 iudicium
962 302 1312 355 relinquenduS,
1347 302 1393 342 in

79 369 166 409 quo
186 355 247 404 is,
282 357 357 409 qui
376 355 711 405 adsumeretur,
749 364 1046 410 agnosceret,
1082 357 1188 411 quid
1209 358 1292 396 sibi
1313 369 1395 411 per

75 411 291 451 iudicium
326 410 590 461 deberetur,
638 412 727 452 nisi
759 413 1075 453 misericordia
1108 413 1392 464 subveniret3

76 479 156 507 cur
180 467 260 507 ille
285 468 458 520 potius,
491 480 623 520 quam
646 467 733 507 iste
764 467 904 508 fuerit
936 469 1222 522 adsumptus,
1260 482 1395 522 quum

76 535 238 563 caussa
259 520 347 562 un‘a
372 528 495 562 esset
519 523 758 572 ambobus;
799 537 878 564 cur
903 524 1020 577 apud
1047 525 1266 578 quosdam
1304 538 1394 565 non

73 577 331 625 factaesint
350 578 558 628 virtutes,
585 591 699 632 quae
719 581 757 619 si
774 579 924 620 factae
944 580 1159 629 fuissent,
1190 582 1395 633 egissent

73 634 143 675 illi
168 633 371 675 homines
398 635 746 687 poenitentiam,
783 642 828 676 et
853 636 1002 676 factae
1030 637 1123 676 sint
1147 638 1265 689 apud
1295 648 1391 686 eos,

75 692 151 744 qui
169 703 258 730 non
279 689 460 730 fuerant
477 690 709 731 credituri.
769 693 1065 745 Apertissime
1088 704 1278 744 namque
1299 692 1391 731 Do-

73 746 218 786 minus
238 747 349 786 dicit
364 749 425 796 ¹):
461 744 549 786 Vae
568 746 666 796 tibi,
699 746 953 796 Comzaim,
982 754 1025 787 et
1044 761 1118 787 vae
1136 748 1229 796 tibi,
1256 746 1390 787 Betlc-

71 801 219 851 saida,
247 801 348 854 quia
373 801 475 841 siin
505 800 620 856 Tyro
648 809 689 842 e!
705 803 866 843 Sidone
883 802 1240 857 factctefzcissetcc
1257 803 1390 843 virta-

72 864 155 906 tes,
192 870 300 910 quae
315 856 467 909 factae
485 865 583 897 snut
600 857 646 897 in
667 859 801 907 vobis,
839 852 938 899 olim
956 859 1001 898 in
1021 859 1161 899 cilicio
1182 867 1225 899 et
1247 859 1391 900 cinere

64 904 384 966 poenitentiam
413 913 623 967 egissent!
656 914 750 954 Nec
786 916 941 968 utique
967 915 1092 955 Deus
1116 916 1285 956 iniuste
1311 928 1390 955 no-

72 969 157 1009 luit
173 969 324 1009 salvos
347 970 458 1018 fieri,
480 983 611 1023 quum
636 978 822 1023 possent
842 972 953 1011 salvi
976 984 1093 1020 esse,
1121 972 1156 1010 si
1181 972 1331 1011 vellet.
1347 972 1389 1022 2)

72 1026 200 1065 Tunc
228 1025 273 1064 in
303 1025 556 1065 clarissima
579 1027 830 1079 sapientiae
855 1028 956 1067 luce
984 1027 1232 1076 videbitur,
1268 1027 1390 1081 quod

70 1093 187 1120 nunc
205 1081 380 1134 piorum
403 1081 512 1121 fides
533 1080 683 1130 habe-t,
706 1089 808 1122 ante
828 1096 958 1136 quam
976 1082 1220 1123 manifesta
1236 1084 1389 1136 cogni·

69 1137 194 1176 tione
221 1137 444 1185 videatur,
481 1150 610 1190 quam
637 1145 783 1188 certa,
817 1139 1136 1188 immutabilis,
1172 1140 1389 1179 efficacis·

70 1192 184 1232 sima
202 1193 262 1232 sit
280 1193 489 1232 voluntas
508 1192 616 1244 Dei3
651 1207 780 1246 quam
799 1195 939 1234 multa
957 1196 1117 1247 possit,
1143 1201 1188 1234 et
1207 1207 1294 1234 non
1315 1207 1389 1235 ve-

69 1246 144 1297 lit,
172 1247 284 1288 nihil
302 1254 451 1288 autem
473 1249 604 1298 velit,
630 1250 750 1302 quod
772 1263 858 1289 non
878 1251 1046 1302 possit3
1082 1263 1302 1303 quumque
1329 1252 1390 1291 sit

70 1315 239 1353 verum,
259 1304 378 1357 quod
397 1306 443 1343 in
462 1304 645 1346 Psalmo
671 1306 920 1356 canitu1·³):
940 1304 1060 1346 Dens
1079 1314 1223 1346 autem
1242 1314 1390 1347 noster

69 1358 115 1398 in
132 1361 248 1399 coelo
268 1372 451 1408 sursum,
472 1359 517 1399 in
538 1361 652 1400 coelo
673 1368 716 1400 et
730 1360 774 1401 in
794 1368 915 1401 terra
934 1362 1079 1401 omnia
1097 1375 1389 1415 quaecamque

67 1414 349 1469 voluitfecit.
413 1415 544 1462 Quod
571 1418 722 1469 utique
745 1429 831 1457 non
859 1423 929 1456 est
952 1431 1128 1466 rerum,
1163 1419 1199 1457 si
1234 1418 1388 1470 aliqua

69 1470 235 1521 voluit,
259 1477 304 1510 et
322 1483 410 1510 non
430 1470 558 1517 fecitz
595 1478 639 1511 et
659 1473 777 1525 quod
798 1479 868 1513 est
886 1474 1138 1527 indignius,
1171 1474 1276 1513 ideo
1295 1487 1386 1514 non

69 1525 199 1575 fecit,
235 1527 445 1580 quoniam
467 1539 520 1566 ne
541 1527 690 1576 fieret,
729 1528 849 1581 quod
876 1530 1057 1570 volebat
1081 1530 1385 1581 omnipotens,

69 1582 276 1621 voluntas
319 1581 512 1622 hominis
552 1584 800 1636 impedivit.
872 1584 987 1624 Non
1031 1598 1159 1639 ergo
1197 1585 1262 1625 fit
1286 1585 1382 1625 ali-

70 1638 215 1690 quid,
244 1639 347 1678 nisi
373 1639 722 1692 omnipotens
749 1640 879 1680 fieri
909 1642 1066 1691 velit,
1098 1641 1181 1681 vel
1205 1641 1384 1681 sinen-

71 1694 136 1733 do
164 1699 220 1733 ut
244 1693 371 1744 fiat,
404 1694 482 1733 vel
515 1695 628 1747 ipse
653 1695 924 1736 faciendo.

125 1749 170 1788 C.
192 1749 347 1790 xcvi.
400 1749 495 1789 Nec
515 1750 808 1791 dubitandum
828 1758 910 1800 est,
932 1752 1077 1792 Deum
1094 1751 1382 1793 faice1·eJ)eiie

69 1805 203 1844 etiam
236 1805 426 1845 sinendo
454 1806 572 1854 fieri,
605 1819 911 1861 quaecumque
947 1809 1057 1848 fiunt
1089 1809 1221 1848 male.
1282 1806 1381 1847 Non

67 1861 183 1899 enim
204 1859 289 1899 hoe
307 1863 390 1901 nisi
414 1862 533 1901 iusto
553 1863 722 1902 iudicio
748 1864 868 1903 sinit.
915 1865 968 1904 Et
988 1863 1193 1918 profecto
1215 1863 1382 1903 bonum

68 1922 138 1955 est
162 1929 292 1956 omne
322 1917 443 1969 quod
467 1918 632 1957 iustum
660 1924 742 1959 est.
812 1920 1025 1968 Quamvis
1051 1932 1160 1973 ergo
1189 1931 1243 1959 ea
1267 1931 1381 1972 quae

119 2027 150 2067 l)
173 2026 304 2058 Manli.
329 2030 384 2064 11,
413 2031 468 2060 21.
520 2030 556 2070 2)
578 2027 640 2060 Sic
656 2027 848 2070 legendum
869 2034 923 2061 ost
943 2031 1139 2063 secundum
1160 2033 1303 2063 veteres
1322 2041 1381 2063 co-

70 2072 170 2105 dices
187 2076 229 2104 25
249 2073 347 2109 Ben„
368 2073 472 2116 Lips.
494 2074 534 2106 C.
554 2079 591 2107 et.
609 2075 709 2107 petr.
731 2076 926 2108 Lombard.
948 2080 1042 2108 sent.
1060 2076 1087 2108 Ι.
1107 2080 1162 2109 43.
1182 2088 1225 2113 c.,
1245 2077 1298 2108 nti
1318 2088 1378 2109 ne-

69 2129 138 2152 xus
158 2119 284 2159 docet,
303 2118 348 2151 cf·
366 2130 395 2152 c.
414 2122 470 2153 97.
490 2124 526 2152 et
550 2124 618 2153 103.
648 2122 719 2153 Sed
742 2121 900 2154 inlibris
921 2124 1007 2155 Mss.
1029 2127 1080 2161 11,
1100 2128 1136 2155 et
1154 2123 1379 2156 editionibus

69 2165 246 2203 omnibus,
274 2175 356 2200 exc.
375 2165 545 2199 Arnald.:
579 2166 611 2199 .ςί
627 2169 768 2200 vellent.
819 2168 856 2208 3)
879 2168 938 2202 l's.
961 2172 1035 2208 115,
1054 2173 1085 2203 3.
1106 2170 1209 2213 (113,
1233 2174 1285 2204 il.
1305 2181 1377 2204 sec·

68 2210 212 2254 Lxx.)
242 2211 303 2245 Cf.
319 2211 412 2254 Aug.
432 2214 470 2245 in
487 2211 625 2246 l’sulm.
645 2218 802 2247 enarrat.
820 2212 843 2247 l.
860 2213 885 2248 l.
