1503 2465
110 141 158 180 14
463 141 700 181 AURELII
729 140 1047 183 AUGUSTINI

107 223 232 264 hibet
250 224 467 277 quaedam
490 226 738 274 contraria,
764 228 881 265 sicut
897 225 1111 278 frigidum
1131 225 1278 264 calido
1294 255 1304 273 ,
1335 225 1409 264 vel

106 278 332 319 humidum
353 281 492 328 sicco,
517 281 587 319 vel
605 283 640 319 si
663 281 765 334 quid
788 281 909 320 aliud
929 280 1205 331 huiusmodi3
1225 279 1410 319 adhibet

108 336 243 375 etiam
263 336 478 387 quaedam
502 336 687 385 similia,
716 337 832 376 sicut
857 336 1094 375 linteolum
1116 336 1189 375 vel
1213 336 1406 375 rotundo

106 391 281 430 vulneri
302 390 556 439 rotundum,
570 392 640 430 vel
660 392 904 444 oblongum
923 391 1407 444 oblongo,ligaturam-

107 458 191 498 que
207 447 349 497 ipsam
365 458 450 485 non
463 446 663 485 eamdem
673 447 882 486 membris
895 447 1113 495 omnibus,
1125 447 1203 486 sed
1217 445 1409 485 similem

106 501 328 540 similibus
351 507 550 552 coaptat:
572 502 636 540 sie
655 503 878 554 sapientia
897 502 985 541 Dei
1004 500 1228 541 hominem
1248 513 1407 540 curans

107 569 155 596 se
174 558 315 608 ipsam
337 555 540 596 exhibuit
559 557 613 595 ad
632 557 896 606 sanandum,
931 558 1030 610 ipsa
1054 557 1275 605 medicus,
1310 557 1410 607 ipsa

105 612 342 651 medicina.
404 612 520 660 Quia
555 624 663 664 ergo
697 625 778 665 per
809 613 1063 664 superbiam
1089 611 1222 651 homo
1255 612 1408 663 lapsus

107 673 199 715 est,
233 666 527 706 humilitatem
552 666 756 707 adhibuit
778 667 830 706 ad
857 668 1116 707 sanandum.
1177 666 1409 718 Serpentis

107 723 329 775 sapientia
368 723 544 775 decepti
586 736 759 771 sumus,
801 723 888 762 Dei
927 723 1120 762 stultitia
1151 723 1409 762 liberamur.

108 778 491 826 Quemadmodum
512 785 658 817 autem
678 779 756 817 illa
780 779 1002 831 sapientia
1017 778 1284 827 vocabatur,
1313 782 1410 816 erat

107 839 255 874 autem
275 833 469 873 stultitia
487 835 877 874 contenmentibus
894 833 1060 882 Deum,
1093 834 1157 873 sic
1184 833 1272 872 ista
1296 844 1408 884 quae

105 893 294 928 vocatur
317 889 509 928 stultitia
530 890 752 942 sapientia
772 895 840 928 est
859 889 1141 928 vincentibus
1164 888 1406 928 diabolum.

105 944 200 984 Nos
232 944 572 983 immortalitate
601 945 716 983 male
751 946 820 984 usi
843 958 1010 994 sumus,
1044 949 1092 984 ut
1114 955 1408 992 moreremur3

107 999 311 1039 Christus
335 1001 609 1039 mortalitate
642 1001 756 1039 bene
790 1014 895 1039 usus
935 1006 1029 1049 est,
1064 1005 1111 1039 ut
1142 1000 1409 1038 viveremus.

109 1056 333 1107 Corrupto
357 1056 504 1095 animo
529 1054 722 1095 feminae
751 1056 983 1108 ingressus
1011 1060 1081 1094 est
1103 1054 1307 1103 morbus3
1349 1053 1410 1091 in-

107 1119 240 1164 tegro
272 1123 463 1163 corpore
497 1110 690 1150 feminae
718 1113 943 1163 processit
971 1111 1106 1150 salus.
1166 1109 1228 1149 Ad
1256 1109 1410 1148 eadem

110 1168 338 1206 contraria
370 1166 585 1218 pertinet,
638 1166 756 1219 quod
792 1167 925 1205 etiam
961 1166 1167 1218 exemplo
1201 1166 1411 1204 virtutum

111 1223 207 1262 eius
232 1222 342 1260 vitia
366 1227 521 1261 nostra
546 1228 770 1261 curantur.
832 1222 921 1261 lam
948 1233 1056 1261 vero
1087 1221 1252 1260 similia
1285 1220 1411 1271 quasi

109 1278 356 1330 ligamenta
388 1277 598 1317 membris
632 1284 677 1317 et
709 1278 966 1317 vulneribus
1009 1277 1173 1316 nostris
1213 1273 1412 1314 adhibita

109 1334 191 1372 illa
214 1338 335 1380 sunt,
370 1334 487 1385 quod
511 1345 591 1384 per
614 1332 824 1372 feminam
854 1333 1068 1383 deceptos
1090 1344 1170 1384 per
1202 1330 1412 1370 feminam

111 1395 257 1435 natus,
279 1386 410 1427 homo
432 1387 649 1436 homines,
670 1388 872 1428 mortalis
892 1389 1279 1435 mortales,1n‹n·te
1300 1397 1413 1424 mor-

110 1451 214 1483 tuos
243 1444 468 1483 liberavit.
530 1444 674 1483 Multa
698 1456 875 1496 quoque
900 1444 990 1482 alia
1014 1443 1274 1495 diligentius
1311 1454 1413 1479 con-

112 1499 437 1547 siderantibus,
464 1512 574 1552 quos
601 1500 795 1538 instituti
823 1500 972 1551 operis
997 1497 1240 1550 peragendi
1263 1509 1413 1535 neees-

114 1556 224 1594 sitas
244 1567 328 1593 non
350 1555 484 1606 rapit,
519 1555 589 1593 vel
608 1567 632 1593 a
651 1555 908 1601 contrariis,
942 1555 1015 1593 vel
1037 1566 1062 1592 a
1081 1552 1301 1596 similibus
1326 1563 1412 1590 me-

114 1610 289 1649 dicinae
311 1608 590 1648 Christianae
613 1610 798 1662 adparet
815 1610 1067 1648 instructio.

170 1665 216 1704 C.
237 1664 331 1704 XV.
387 1665 476 1703 lam
495 1677 602 1704 vero
624 1666 797 1704 eredita
814 1665 996 1704 Domini
1017 1677 1042 1702 a
1059 1663 1249 1703 mortuis
1269 1674 1412 1700 resur-

113 1720 257 1760 rectio
281 1725 326 1759 et
340 1721 383 1759 in
407 1720 582 1759 eoelum
602 1720 837 1759 adscensio
858 1732 1019 1773 magna
1038 1731 1114 1771 spe
1132 1718 1261 1757 fulsit
1283 1717 1414 1756 fidem

114 1781 328 1815 nostram.
387 1776 576 1814 Multum
605 1776 718 1814 enim
751 1775 973 1823 ostendit,
1008 1787 1136 1827 quam
1162 1773 1414 1812 voluntarie

114 1843 194 1884 pro
214 1831 345 1870 nobis
366 1831 554 1868 animani
575 1831 790 1882 posuerit,
814 1833 884 1882 qui
907 1843 1001 1869 eam
1021 1832 1085 1869 sie
1106 1828 1259 1868 habuit
1276 1830 1318 1867 in
1341 1840 1414 1879 po-

114 1891 279 1925 testate
305 1898 545 1924 resumere.
609 1886 785 1934 Quanta
808 1898 916 1943 ergo
942 1898 990 1925 se
1015 1885 1178 1924 fiducia
1201 1895 1302 1935 spes
1323 1895 1415 1922 cre-

116 1942 314 1981 dentium
335 1942 609 1989 consolatur,
631 1941 923 1980 considerans
941 1946 1130 1994 quantus
1152 1944 1315 1992 quanta
1334 1950 1414 1989 pro

116 1997 312 2035 nondum
337 1996 622 2035 credentibus
646 2009 803 2047 passus
837 1996 915 2035 sit!
965 1995 1109 2043 Quum
1142 2007 1248 2034 vero
1282 1994 1417 2032 iudex

117 2053 319 2090 vivorum
342 2059 473 2103 atque
492 2057 767 2090 mortuorum
790 2056 1077 2103 exspectatur
1097 2063 1119 2089 e
1144 2049 1294 2096 eoelo,
1332 2061 1418 2087 ma-

119 2119 252 2159 gnum
277 2108 482 2146 timorem
509 2108 670 2146 incutit
697 2106 1054 2159 negligentibus,
1090 2110 1138 2144 ut
1163 2117 1211 2145 se
1243 2104 1296 2143 ad
1322 2104 1418 2143 dili-

119 2164 314 2214 gentiam
336 2168 620 2210 eonvertant,
648 2174 835 2213 eunique
855 2162 997 2213 magis
1016 2162 1129 2200 bene
1149 2161 1323 2210 agendo
1346 2160 1417 2197 ‹le-

119 2216 339 2267 siderent,
391 2232 519 2270 qaam
553 2217 667 2257 male
705 2217 880 2269 agendo
921 2216 1179 2255 formident.
1248 2216 1417 2263 Quibus
