1503 2465
240 107 321 148 DE
351 108 655 150 DOCTRINA
686 111 916 152 CHRIST.
975 111 1086 153 LIB.
1119 113 1170 153 Π.
1307 114 1359 154 5Ἰ

59 192 457 247 constellationum
499 195 697 234 numeris
730 195 949 236 adnotari.
1008 196 1135 236 Unde
1170 209 1359 239 necesse

57 254 127 288 est
149 249 389 289 nonnullos
416 251 619 302 geminos
644 251 826 290 easdem
852 250 1017 292 habere
1049 253 1359 293 constellati0‹

55 316 156 353 neS,
191 317 323 357 quum
345 306 469 358 paria
487 317 656 355 rerum,
691 307 764 346 vel
782 319 890 359 quas
910 314 1047 360 agunt
1065 309 1135 348 vel
1154 321 1262 361 quas
1287 322 1361 361 pa-

54 360 242 408 tiuntur,
257 366 415 400 eventa
433 374 521 400 non
540 359 747 412 habeant,
768 362 846 402 sed
861 363 1121 417 plerumque
1138 365 1201 404 ita
1217 365 1362 417 dispa-

55 415 145 464 ria,
178 422 228 455 ut
247 415 360 455 alius
378 415 689 467 felicissimus,
724 418 838 457 alius
856 418 1195 460 infelicissiuuis
1224 422 1360 461 vivat:

56 471 173 510 sicut
192 471 312 511 Esau
331 476 377 511 et
398 472 533 512 Iacob
553 474 757 526 geminos
778 475 1033 527 accepimus
1053 481 1199 520 natos,
1230 476 1295 515 ita
1316 482 1363 516 ut

54 525 203 574 Iacob,
227 528 298 579 qui
318 529 548 580 posterior
565 529 849 579 nascebatur,
868 543 1000 570 manu
1018 531 1215 584 plantam
1234 544 1361 584 prae-

55 582 257 622 cedentis
281 582 435 623 fratris
460 589 620 624 tenens
639 585 984 636 inveni1·etu1·.¹)
1043 587 1216 626 Horum
1239 593 1361 627 certe

55 638 153 678 dies
177 644 309 691 atque
334 637 446 679 hora
471 641 747 680 nascentium
766 641 898 681 aliter
916 642 1064 681 notari
1083 655 1171 681 non
1190 650 1361 695 posset,

41 695 142 733 ·nisi
176 700 223 734 ut
255 694 486 734 amborum
508 697 796 736 constellatio
829 702 952 737 esset
975 711 1074 737 una.
1138 698 1362 746 Quantum

59 755 206 789 autem
224 750 405 790 intersit
422 751 540 790 inter
557 753 786 792 amborum
804 764 975 803 mores,
1008 752 1150 802 facta,
1181 754 1361 794 labores

54 810 185 858 atque
209 818 463 856 successus,
485 808 708 860 scriptura
726 810 855 848 testis
868 813 951 858 est,
970 810 1055 848 iam
1073 821 1150 848 ore
1165 810 1360 849 omnium

54 862 253 914 gentium
272 864 586 915 pe1·x·agata.²)
645 863 800 916 Neque
821 866 936 904 enim
957 865 1010 903 ad
1032 877 1123 904 rein
1149 866 1361 917 pertinet,

55 917 174 969 quod
185 917 350 966 dicunt,
371 918 515 970 ipsum
533 925 805 959 momentum
822 920 1050 960 minimum
1070 927 1203 973 atque
1223 934 1360 974 angu-

54 972 299 1012 stissimum
316 975 547 1026 temporis,
567 975 684 1027 quod
707 976 986 1027 geminorum
1004 982 1178 1029 partum
1199 976 1359 1016 dister-

53 1028 212 1077 minat,
242 1028 428 1068 multum
457 1029 608 1069 valere
633 1031 676 1069 in
706 1043 851 1070 rerum
880 1038 1039 1071 natura
1056 1038 1189 1084 atque
1210 1032 1358 1072 coele-

54 1084 189 1123 stium
217 1096 453 1137 corporum
481 1085 766 1138 rapidissima
791 1087 1050 1127 velocitate.
1111 1088 1207 1127 Etsi
1241 1089 1359 1127 enim

54 1139 320 1189 concedam,
348 1146 396 1179 ut
422 1141 658 1193 plurimum
688 1143 859 1191 valeat,
885 1143 1098 1182 tamenin
1119 1143 1358 1183 constella-

50 1194 253 1235 tionibus
272 1195 630 1236 amathematico
658 1198 848 1237 inveniri
875 1212 963 1237 non
991 1204 1160 1251 potest,
1197 1199 1357 1252 quibus

51 1250 269 1303 inspectis
304 1263 351 1291 se
384 1250 481 1291 fata
513 1253 663 1292 dicere
699 1254 951 1306 profitetur.
1012 1254 1142 1302 Quod
1176 1267 1284 1308 ergo
1312 1257 1358 1295 in

53 1307 475 1348 constellationibus
494 1321 581 1348 non
603 1309 793 1358 invenit,
823 1322 932 1362 quas
951 1321 1137 1350 necesse
1159 1316 1228 1350 est
1245 1323 1356 1350 unas

50 1362 282 1415 inspiciat,
311 1365 403 1402 sive
423 1364 477 1403 de
499 1363 652 1414 Iacob,
679 1365 772 1404 sive
793 1365 847 1405 de
869 1366 963 1403 eius
984 1364 1123 1405 fratre
1152 1366 1355 1405 consulu·

51 1423 138 1467 tur,
174 1419 276 1471 quid
299 1421 338 1458 ei
358 1419 559 1470 prodest,
595 1421 630 1459 si
652 1420 789 1460 distat
810 1421 852 1460 in
871 1422 1016 1465 coelo,
1048 1422 1166 1474 quod
1186 1429 1357 1461 temere

52 1485 236 1513 securus
255 1474 455 1521 infamat,
474 1481 517 1513 et
537 1488 621 1514 non
643 1475 779 1515 distat
795 1477 838 1515 in
857 1476 1024 1524 tabula,
1037 1489 1166 1529 quam
1188 1476 1357 1517 frustra

52 1529 276 1569 sollicitus
309 1531 531 1570 intuetur!
575 1531 722 1578 Quare
757 1533 870 1571 istae
906 1544 1083 1584 quoque
1117 1533 1354 1584 opiniones

51 1585 315 1637 quibusdam
334 1598 481 1625 rerum
500 1587 641 1639 signis
662 1585 851 1626 bumana
870 1588 1201 1640 praesumtione
1229 1589 1354 1628 insti-

50 1642 159 1680 tutis
180 1641 235 1680 ad
256 1640 412 1681 eadem
431 1642 530 1690 illa,
555 1643 680 1694 quasi
703 1643 919 1695 quaedam
941 1656 1038 1683 cum
1059 1643 1354 1685 daemonibus

50 1703 178 1748 pacta
199 1702 243 1736 et
263 1704 497 1746 conventa,
523 1697 787 1738 referendae
804 1705 919 1738 sunt.

106 1753 151 1791 C.
170 1752 333 1793 XXIII.
392 1753 510 1792 lIinc
531 1754 646 1792 eni1n
665 1755 732 1803 fit,
760 1760 808 1794 ut
827 1755 1005 1794 occulto
1027 1755 1217 1808 quodum
1240 1755 1353 1794 iudi-

50 1806 120 1846 cio
140 1807 288 1847 divino
311 1809 456 1861 cupidi
480 1809 690 1848 malarum
719 1822 862 1849 rerum
893 1809 1095 1849 homines
1120 1811 1354 1851 tradantur

47 1863 269 1902 illudendi
297 1869 341 1903 et
365 1864 618 1917 decipiendi
643 1878 721 1917 pro
746 1867 918 1905 meritis
948 1867 1225 1906 voluntatum
1240 1866 1353 1906 “sua-

47 1929 164 1966 rum,
194 1919 486 1959 illudentibus
513 1932 591 1959 eos
618 1927 749 1973 atque
775 1922 1103 1975 decipientibus
1128 1922 1352 1973 praevari-

50 1974 277 2014 catoribus
299 1975 493 2027 angeliS,
524 1975 682 2028 quibus
703 1977 787 2015 ista
809 1979 957 2016 mundi
982 1990 1081 2030 pars
1109 1978 1260 2017 infima
1283 1990 1350 2016 se-

51 2030 240 2070 cundum
264 2030 609 2083 pulcherrimum
639 2033 839 2072 ordinem
866 2046 1012 2073 rerum
1041 2033 1218 2073 divinae
1249 2045 1349 2086 pro-

97 2162 130 2202 1)
153 2161 243 2194 Gen.
262 2164 315 2199 25,
336 2165 390 2197 24.
408 2174 456 2197 ss.
494 2162 532 2206 2)
553 2163 689 2197 Bened.
708 2164 795 2198 Mss.
815 2165 1105 2210 3:21erv1dgaea,
1126 2176 1214 2209 quos
1233 2166 1347 2200 secuti

48 2213 132 2242 sunt
150 2208 211 2242 Er.
229 2213 266 2242 et
285 2208 363 2242 Cal.
