1503 2465
131 87 183 128 26
490 91 728 132 AURELII
758 93 1077 136 AUGUSTINI

132 172 221 213 Sed
241 173 276 212 si
297 172 484 224 fruitur,
523 182 629 229 eget
644 177 765 216 bono
784 184 963 227 nostro,
1002 180 1121 232 quod
1150 192 1280 219 nemo
1308 193 1441 223 sanus

132 228 310 269 dixerit.
374 230 515 270 Omne
535 234 653 272 enim
668 232 833 272 bonum
855 240 1055 274 nostrum
1076 237 1145 276 vel
1165 236 1277 288 ipse,
1296 236 1366 275 vel
1387 236 1441 275 ab

130 284 229 336 ipso
253 290 335 325 est.
396 286 477 326 Cui
498 294 646 327 autem
669 289 909 329 obscurum
928 291 1001 330 vel
1022 291 1203 331 dubium
1226 298 1317 340 est,
1353 304 1441 331 nun

132 352 267 393 egere
290 341 435 381 lucem
455 354 604 382 rerum
624 341 778 383 harum
797 347 945 385 nitore
959 376 970 395 ,
1000 360 1110 400 quas
1128 348 1227 400 ipsa
1245 347 1442 386 illustra-

131 396 276 435 verit}
320 396 446 437 Dicit
488 400 624 438 etiam
664 401 948 453 apertissime
983 401 1205 454 propheta
1225 405 1287 453 l):
1335 401 1446 442 Dixi

132 449 346 491 Domino:
372 451 490 493 Deus
509 467 624 493 meus
642 468 682 494 es
703 462 746 494 tu
762 485 772 503 ,
801 456 1002 509 quoniam
1023 457 1229 497 bonorum
1250 471 1442 497 meorum

130 519 215 545 uon
235 521 345 561 eges.
408 508 507 549 Non
530 522 639 563 ergo
660 510 825 550 fruitur
846 512 990 562 nobis,
1019 514 1097 552 sed
1118 515 1270 553 utitur.
1331 513 1444 553 Nam

131 562 167 600 si
188 575 333 616 neque
353 564 518 604 fruitur
538 578 683 618 neque
702 567 868 617 utitur,
904 582 990 608 non
1020 570 1203 609 invenio
1233 569 1442 622 quemad-

132 619 309 657 modum
331 620 506 673 diligat.

186 674 232 712 C.
254 675 440 715 XXXII.
487 676 576 717 Sed
596 675 740 730 neque
762 679 828 719 sic
847 680 1003 728 utitur,
1023 686 1069 719 ut
1089 695 1185 721 nos.
1228 681 1339 721 Num
1360 696 1442 722 nos

129 741 217 777 reS,
245 731 406 783 quibus
430 732 608 782 utimur,
632 734 751 773 adid
772 734 1034 785 referimus,
1066 742 1113 775 ut
1131 737 1215 776 Dei
1236 738 1442 778 bonitate

129 785 432 838 perfruamur-3
457 787 583 828 Deus
602 801 710 829 vero
730 790 786 829 ad
805 803 929 830 suam
950 791 1197 833 bonitatem
1218 806 1344 833 usum
1366 807 1442 833 no·

129 847 268 880 strum
302 842 458 883 refert.
520 844 638 893 Quia
672 845 789 884 enim
819 845 965 886 bonus
999 853 1087 897 est,
1123 862 1294 899 sumus,
1331 855 1375 888 et
1397 851 1441 889 in

130 904 342 949 (plantum
375 912 547 949 sumus,
591 901 700 940 boni
734 914 901 941 sumus.
971 902 1115 942 Porro
1153 912 1300 944 autem
1338 906 1443 957 quia

131 953 264 992 etiam
283 954 429 994 iustus
450 960 532 1006 est,
554 969 643 996 non
660 958 839 1010 impune
861 971 1012 997 sumus
1034 959 1158 1010 mali3
1181 967 1225 1000 et
1244 961 1287 999 in
1306 973 1441 1013 quan-

129 1015 220 1047 tum
240 1009 346 1049 mali
368 1023 537 1061 sumus,
557 1013 601 1051 in
619 1018 790 1052 tantum
812 1015 946 1053 etiam
967 1015 1110 1054 minus
1132 1030 1298 1056 sumus.
1361 1017 1441 1055 Ille

130 1065 246 1102 enim
267 1078 436 1106 summe
457 1080 508 1106 ac
527 1068 733 1119 primitus
762 1077 852 1116 est,
888 1070 960 1122 qui
991 1071 1170 1109 omnino
1199 1073 1442 1111 incommu-

128 1120 281 1159 tabilis
301 1128 385 1170 est,
401 1128 446 1162 et
460 1124 531 1175 qui
555 1124 978 1176 plenissimedicere
998 1127 1331 1181 p<>tuit2JzEgo
1351 1141 1443 1168 seem

131 1175 205 1227 qui
219 1189 339 1225 szcm3
373 1183 434 1217 et:
460 1177 591 1218 Dices
610 1178 690 1219 eis:
721 1179 795 1232 qni
811 1188 874 1220 est
891 1181 1008 1220 misit
1027 1195 1091 1221 me
1108 1183 1166 1221 ad
1182 1195 1253 1222 vos
1267 1198 1279 1222 :
1311 1189 1358 1222 nt
1374 1196 1443 1223 ee-

129 1237 228 1270 tera
246 1245 359 1284 quae
379 1240 502 1284 sunt,
532 1241 577 1274 et
594 1235 678 1274 nisi
700 1236 753 1275 ab
776 1237 854 1275 illo
877 1249 977 1276 esse
999 1252 1085 1276 non
1107 1239 1302 1290 possint,
1337 1245 1381 1279 et
1397 1239 1442 1278 in

128 1292 299 1327 tantum
334 1289 453 1329 bona
489 1291 592 1338 sint,
626 1291 670 1330 in
705 1298 918 1344 quantum
953 1301 1225 1345 acceperunt
1260 1300 1306 1334 ut
1339 1295 1441 1334 sint.

130 1343 495 1393 l!leigit111·11sus
516 1348 591 1399 qui
610 1347 775 1386 dieitur
792 1347 893 1396 Dei,
915 1361 1002 1401 qu«)
1024 1349 1153 1388 nobis
1171 1351 1326 1398 utitur,
1353 1364 1441 1390 non

129 1400 181 1438 ad
206 1401 321 1447 eius,
358 1400 436 1440 sed
457 1401 511 1440 ad
532 1408 730 1441 nostram
751 1404 993 1444 utilitatem
1013 1404 1228 1454 refertur,
1263 1406 1316 1445 ad
1344 1407 1440 1446 eius

128 1461 276 1495 autem
312 1457 623 1496 tantummodo
662 1457 925 1499 bonitatem.
992 1460 1128 1500 Cuius
1173 1467 1322 1500 autem
1358 1475 1440 1502 nos

128 1512 409 1561 miseremur,
447 1518 492 1552 et
513 1514 582 1553 cui
604 1514 897 1563 consulimus,
931 1515 986 1555 ad
1007 1516 1103 1555 eius
1123 1517 1301 1568 quidem
1321 1517 1440 1556 utili-

129 1573 265 1606 tatem
288 1567 332 1606 id
352 1566 558 1615 facimus,
584 1581 772 1622 eamque
792 1570 1042 1622 intuemur3
1071 1572 1150 1610 sed
1174 1573 1328 1612 nescio
1350 1585 1438 1626 quo

128 1623 262 1661 modo
284 1623 421 1662 etiam
438 1631 596 1664 nostra
615 1625 714 1674 fit3)
741 1638 1046 1679 consequens,
1079 1640 1211 1680 quum
1237 1640 1333 1667 eam
1360 1629 1438 1668 mi-

127 1678 438 1727 sericordiam,
458 1691 589 1731 quum
606 1681 903 1733 impendimus
923 1683 1089 1735 egenti,
1115 1683 1211 1722 sine
1230 1684 1438 1724 mercede

129 1748 216 1773 non
234 1734 420 1786 reliquit
435 1734 576 1775 Deus.
626 1737 666 1774 H
680 1749 703 1775 a
718 1749 740 1775 e
756 1749 777 1776 c
804 1746 973 1777 autem
1005 1751 1044 1777 m
1058 1751 1143 1778 erc
1158 1751 1210 1778 es
1243 1753 1261 1777 s
1275 1752 1438 1779 umma

129 1795 229 1837 est,
275 1796 330 1829 ut
360 1791 479 1843 ipso
512 1790 871 1843 perfruamur,
906 1799 956 1832 et
994 1806 1199 1842 omnes,
1244 1795 1333 1847 qui
1375 1807 1435 1834 eo

126 1845 229 1884 frui
246 1857 376 1895 mur,
417 1847 576 1886 nobis
616 1848 779 1887 etiam
819 1848 1048 1889 invicem
1090 1850 1143 1888 in
1174 1850 1290 1902 ipso
1318 1862 1435 1903 per·

125 1901 377 1941 fruamur.

182 1957 228 1996 C.
249 1955 456 1996 XXXIII.
518 1956 629 1996 Nam
649 1960 683 1998 si
705 1958 748 1998 in
769 1958 900 1998 nobis
919 1959 966 1999 id
990 1959 1200 2009 facimus,
1234 1973 1434 2001 remane-

126 2026 221 2051 mus
246 2014 288 2052 in
314 2013 410 2061 via,
441 2018 486 2051 et
513 2026 636 2065 spem
660 2014 956 2054 beatitudinis
982 2023 1163 2055 nostrae
1192 2017 1232 2055 in
1253 2015 1433 2056 homine

178 2146 208 2182 1)
228 2143 291 2175 ΡΞ.
313 2147 361 2182 15,
392 2148 423 2176 2.
449 2156 518 2178 sec.
538 2145 661 2178 LXX.
711 2147 747 2190 2)
774 2146 895 2180 Exod.
914 2149 947 2186 3,
969 2150 1021 2180 14.
1071 2147 1108 2190 3)
1135 2147 1268 2186 „Editi
1295 2147 1366 2187 sit,·
1394 2152 1432 2181 at

125 2188 315 2233 Mss.fit.“
338 2190 428 2223 Ben.
