1503 2465
301 79 697 121 ENCHlRlDlON
726 81 804 122 AD
835 82 1127 122 LAURENT.
1293 85 1371 122 201

61 165 179 214 bam,
215 170 257 204 et
280 164 423 204 dentes
438 163 638 218 filiorum
665 164 991 218 obstupuerunt.
1010 169 1048 217 ¹)
1109 167 1217 206 Ideo
1255 168 1373 206 enim

59 222 248 274 quisque
273 221 548 269 renascitur,
584 227 633 260 ut
651 222 855 261 solvatur
878 223 923 260 in
948 235 1002 261 eo
1028 222 1243 275 quidquid
1271 236 1372 275 pec-

60 278 147 317 cati
171 283 254 325 est,
276 289 374 315 cum
394 289 481 329 quo
504 277 717 316 nascitur.
765 277 876 316 Nam
898 284 1100 330 peccata,
1124 291 1236 331 quae
1256 279 1372 318 male

61 332 238 386 agendo
257 338 419 386 postea
437 334 801 382 committuntur,
825 340 1017 385 possunt
1035 340 1079 373 et
1098 334 1373 387 poenitendo

62 388 232 436 sanari,
268 388 386 427 sicut
419 388 553 427 etiam
586 394 690 440 post
720 388 992 441 baptismum
1028 390 1125 429 fieri
1158 390 1374 429 videmus.

59 444 121 483 Ac
154 455 233 496 per
257 442 343 483 hoc
368 456 456 483 non
484 449 552 483 est
577 446 786 484 instituta
810 447 1121 498 regeneratio,
1156 446 1239 484 nis-i
1272 446 1377 497 quia

61 499 230 538 vitiosa
254 508 323 538 est
349 500 607 552 generatio,
644 513 784 553 usque
810 501 925 540 adeo
953 507 1000 540 ut
1025 502 1158 541 etiam
1185 502 1236 540 de
1267 502 1375 554 iegi-

60 556 174 595 timo
199 556 484 595 matrimonio
511 562 778 608 procreatus
812 557 950 596 dicat:
985 555 1038 596 In
1071 556 1376 610 iniquitatibus

61 617 290 663 conceptus
315 624 428 660 snm,
460 618 503 651 et
525 611 571 651 in
594 612 786 664 peccatis
810 620 950 652 mater
974 626 1068 652 mea
1091 626 1157 651 me
1183 612 1226 652 in
1252 621 1375 652 utero

62 665 238 717 alecit.2)
297 666 455 719 Neque
475 666 546 707 hic
566 667 701 708 dixit:
734 668 777 707 in
797 669 1052 721 iniquitate,
1079 669 1151 708 vel
1172 675 1376 721 peccato,

65 736 198 776 quum
219 728 263 762 et
282 721 368 762 hoc
386 728 509 763 recte
531 723 616 763 dici
640 730 815 777 posset3
835 725 916 764 sed
935 725 1198 777 iniquitates
1219 732 1263 764 et
1279 737 1380 777 poc-

65 785 166 817 cata
180 778 331 818 dicere
350 779 527 818 maluit:
550 780 653 832 quia
674 786 718 819 et
736 782 778 820 in
799 781 880 820 illo
902 794 1005 829 uno,
1024 781 1142 833 quod
1162 783 1205 820 in
1224 794 1379 819 omnes

65 832 269 874 homines
290 836 576 886 pertransiit,
611 841 745 888 atque
771 841 863 875 tam
887 849 1095 889 magnum
1126 842 1215 886 est,
1251 843 1299 875 nt
1325 849 1379 875 eo

65 896 318 930 mutaretur
353 896 398 929 et
433 897 776 931 converteretur
803 893 848 931 in
875 893 1195 932 necessitatem
1220 893 1379 931 mortis

67 943 261 984 humana
293 952 472 994 natura,
522 948 811 999 reperiuntur
844 948 963 988 sicut
1000 961 1136 1000 supra
1169 947 1378 996 disserui,

65 1001 195 1055 plura
221 1008 425 1054 peccata,
461 1007 506 1041 et
531 1004 621 1042 alia
649 1009 904 1055 parentum,
939 1016 1052 1056 quae
1089 1004 1175 1043 etsi
1203 1003 1382 1043 nonita

64 1063 255 1110 possunt
275 1064 448 1097 mutare
470 1065 686 1107 naturam,
709 1066 836 1099 reatu
853 1065 1004 1099 tamen
1021 1060 1225 1113 obligant
1244 1059 1380 1109 filios,

65 1113 148 1153 nisi
171 1114 370 1166 gratuita
388 1116 535 1162 gratia
554 1121 598 1153 et
619 1115 933 1155 misericordia
952 1116 1104 1156 divina
1126 1115 1377 1155 subveniat.

122 1170 167 1208 C.
192 1169 369 1209 XLVII.
405 1170 491 1209 sed
513 1170 566 1209 de
588 1171 786 1222 peccatis
806 1171 996 1210 aliorum
1015 1177 1265 1223 parentum,
1287 1172 1380 1223 qni-

64 1224 147 1263 bus
168 1225 221 1263 ab
240 1225 338 1278 ipso
358 1225 494 1264 Adam
519 1239 657 1278 usqne
678 1227 732 1265 ad
760 1233 930 1278 patrem
955 1240 1082 1266 suum
1108 1239 1381 1280 progenera-

65 1280 240 1319 toribus
268 1282 360 1320 suis
388 1282 577 1333 quisque
607 1283 830 1331 succedit,
869 1296 956 1321 non
984 1283 1206 1322 immerito
1237 1283 1380 1322 disce-

64 1338 178 1388 ptari
201 1342 364 1388 potest.
428 1337 581 1376 Utrum
605 1339 800 1376 munium
819 1339 947 1377 malis
968 1339 1143 1377 actibus
1163 1344 1208 1377 et
1233 1338 1381 1377 multi-

65 1392 245 1444 plicatis
267 1393 445 1431 delictis
468 1393 764 1445 originalibus
788 1395 860 1445 qui
884 1395 1084 1432 nascitur
1108 1395 1380 1446 implicetur,

66 1453 115 1486 ut
140 1453 264 1487 tanto
293 1449 440 1500 μυίης,
478 1455 644 1500 quanto
674 1451 899 1502 posterius
926 1451 1114 1502 quisque
1148 1455 1380 1498 nascatur3

67 1515 121 1542 an
148 1511 390 1556 propterea
414 1503 534 1543 Dens
561 1504 602 1542 in
633 1506 811 1544 tertiam
838 1512 882 1544 et
902 1511 1103 1558 quartam
1124 1506 1382 1558 generatio-

66 1571 166 1598 nem
188 1560 241 1598 de
262 1560 460 1612 pcccatis
481 1566 714 1611 parentum
735 1573 888 1600 eornm
916 1562 1112 1612 posteris
1140 1561 1381 1600 commine-

66 1616 269 1667 tur,quia
287 1616 396 1654 iram
417 1628 541 1654 suam
562 1622 771 1667 quantum
792 1617 846 1656 ad
866 1622 1272 1669 progeneratorum
1292 1616 1383 1655 cnl-

67 1682 145 1722 pas
174 1684 258 1709 non
285 1671 489 1710 extendit
518 1671 706 1710 ulterius
731 1672 1044 1712 moderatione
1072 1672 1382 1712 miserationis

66 1739 196 1773 suae,
241 1738 293 1766 ne
319 1727 410 1775 iili,
439 1726 599 1778 quibus
623 1729 984 1779 regenerationis
1005 1729 1154 1781 gratia
1171 1741 1257 1767 non
1279 1741 1383 1767 con-

66 1781 233 1830 fertur,
259 1783 396 1821 nimia
414 1782 592 1820 sarcina
611 1783 652 1821 in
674 1784 771 1834 ipsa
790 1796 869 1822 sna
889 1790 1074 1822 aeterna
1093 1784 1382 1823 damnatione

67 1843 399 1890 premerentur,
425 1838 460 1875 si
485 1846 757 1890 cogerentur
775 1839 829 1877 ab
853 1840 980 1879 initio
1002 1840 1182 1891 generis
1204 1838 1385 1877 humani

70 1893 266 1932 omnium
292 1893 659 1945 praecedentium
690 1900 921 1946 parentum
948 1907 1129 1934 snorum
1151 1894 1383 1946 originali-

68 1954 139 1987 ter
172 1957 358 2000 peccata
391 1947 681 1997 mmtrahere,
718 1957 761 1988 et
796 1962 962 2002 poenas
998 1963 1076 2002 pro
1112 1951 1177 1989 eis
1205 1950 1381 1989 debitas

68 2004 288 2057 p‹·nd‹·re;
339 2017 392 2042 an
428 2004 549 2042 aliud
586 2004 753 2056 aliquid
791 2006 843 2043 de
879 2018 925 2045 re
959 2012 1102 2053 tanta,
1146 2006 1380 2058 scripturis

68 2061 235 2100 sanetis
262 2060 525 2112 diligentius
557 2062 851 2112 perscrutatis
888 2068 1022 2113 atque
1047 2061 1274 2110 tractatis,
1308 2072 1381 2099 va-

119 2183 150 2223 l)
172 2180 304 2214 Ezecin.
328 2185 379 2220 18,
397 2185 428 2215 2.
449 2193 496 2214 sn.
547 2182 584 2223 2)
606 2182 665 2214 l’s.
685 2185 740 2222 50,
759 2185 788 2217 ἵ.
809 2193 877 2216 sec.
896 2182 1021 2216 Lxx.
