1503 2465
154 119 233 160 156
506 121 741 161 AURELII
771 118 1090 161 AUGUSTINI

204 204 250 243 C.
274 204 413 245 XXII.
473 203 567 244 Nec
587 207 818 259 quisquam
846 212 1025 258 praeter
1043 204 1325 258 disciplinam
1351 217 1453 245 esse

148 261 376 300 existimet
394 262 481 300 ista
496 261 708 309 miscere;
742 262 875 300 immo
896 266 1107 313 quantum
1128 273 1326 314 congrue
1355 261 1455 301 fieri

146 321 314 368 potest,
335 315 538 355 omnibus
563 317 804 369 generibus
825 317 963 356 dictio
983 317 1197 356 varianda
1216 322 1297 356 est.
1340 316 1455 356 Nam

147 371 325 423 quando
350 371 528 424 prolixa
554 378 622 411 est
640 373 682 411 in
701 385 788 411 uno
809 384 998 425 genere,
1025 372 1169 411 minus
1191 372 1362 412 detinet
1379 385 1454 411 aua

147 427 355 466 ditorem.
418 426 563 474 Quum
595 440 703 467 vero
737 428 786 466 fit
809 429 853 466 in
878 427 999 467 aliud
1026 427 1080 466 ab
1107 428 1196 466 alio
1220 428 1452 476 transitus,

148 482 281 521 etiam
322 482 360 521 si
402 481 584 534 longius
626 489 721 532 eat,
772 484 1005 522 decentius
1044 483 1250 536 procedit
1282 483 1454 532 oratiog

145 539 346 590 quamvis
368 536 561 578 habeant
582 544 626 577 et
646 539 824 591 singula
841 550 1009 591 genera
1023 539 1264 578 varietates
1284 550 1388 578 suas
1407 538 1453 577 in

145 605 353 632 sermone
374 594 696 646 eloquentium,
724 594 883 647 quibus
902 607 989 633 non
1010 595 1217 634 sinuntur
1234 596 1278 633 in
1298 606 1454 634 eorum

146 648 220 701 qui
246 648 432 688 audiunt
457 649 707 701 frigescere
734 650 806 689 vel
830 655 1064 702 tepescere
1084 649 1304 689 sensibus.
1365 648 1452 689 Ve-

142 716 240 743 rum
266 710 413 743 tamen
439 704 619 744 facilius
647 706 914 744 submissum
943 705 1113 753 solum,
1152 718 1281 760 quani
1305 705 1451 744 solum

143 760 313 813 grande
348 760 515 799 diutius
549 761 732 800 tolerari
770 767 934 813 potest.
995 760 1248 799 Commotio
1286 761 1450 813 quippe

142 815 280 854 animi
308 821 474 867 quanto
500 817 644 868 magis
663 817 902 856 excitanda
925 821 1011 865 est,
1046 821 1095 855 ut
1125 817 1257 856 nobis
1292 816 1451 855 adsen-

140 871 283 910 tiatur
307 871 508 920 auditor,
545 877 670 911 tanto
696 874 841 911 minus
870 873 914 911 in
941 884 994 911 ea
1013 871 1088 911 diu
1113 873 1255 911 teneri
1282 877 1450 924 potest,

143 939 276 979 quum
294 925 433 966 fuerit
453 933 663 979 quantum
683 928 793 967 satis
813 933 882 968 est
899 930 1109 967 excitata.
1168 927 1225 966 Et
1247 928 1351 966 ideo
1379 939 1450 966 ca-

140 982 334 1021 vendum
366 988 457 1032 est,
491 995 547 1022 ne
576 983 678 1022 dum
711 983 916 1022 volumus
955 983 1089 1022 altius
1125 983 1301 1035 erigere
1329 982 1454 1035 quod

143 1043 341 1077 erectum
363 1044 450 1086 est,
487 1038 621 1078 etiam
639 1039 742 1078 inde
763 1039 962 1087 decidat,
997 1051 1083 1091 quo
1109 1037 1258 1078 fuerat
1283 1040 1449 1078 excita-

140 1093 266 1132 tione
303 1093 581 1145 perductum.
642 1095 926 1147 Interpositis
962 1106 1066 1134 vero
1103 1106 1216 1147 quae
1251 1099 1354 1134 sunt
1386 1093 1450 1133 di-

142 1149 285 1188 cenda
304 1149 586 1198 submissius,
618 1149 732 1189 bene
753 1151 926 1189 reditur
946 1150 1001 1189 ad
1021 1162 1089 1198 ea,
1117 1162 1230 1202 quae
1250 1162 1360 1203 opus
1380 1155 1451 1189 est

140 1204 375 1257 granditer
387 1205 552 1254 dici,ut
566 1205 1120 1259 dictionisimpetus‚sicut
1132 1207 1265 1245 maris
1279 1211 1447 1254 aestus,

141 1260 349 1299 alternet.
392 1260 459 1300 Ex
478 1273 564 1313 quo
585 1261 648 1310 fit,
668 1266 717 1300 ut
734 1262 901 1314 grande
921 1261 1101 1301 dicendi
1119 1261 1274 1313 genus,
1297 1264 1333 1302 si
1354 1260 1449 1300 diu-

139 1316 229 1354 tius
252 1321 320 1355 est
339 1316 595 1365 dicendum,
630 1329 715 1356 non
739 1317 901 1357 debeat
919 1329 1018 1356 esse
1038 1317 1204 1365 solum,
1239 1317 1318 1356 sed
1338 1316 1449 1356 alio-

140 1383 238 1410 rum
266 1384 481 1424 generum
505 1372 854 1424 interpositione
883 1373 1102 1422 varietur3
1135 1372 1175 1411 ei
1205 1378 1352 1413 tamen
1372 1384 1448 1425 ge-

141 1428 238 1466 neri
260 1427 398 1466 dictio
420 1432 518 1467 tota
536 1428 775 1475 tribuatur,
801 1429 926 1467 cuius
948 1429 1078 1480 copia
1094 1429 1411 1480 praevaluerit.

198 1482 244 1521 C.
268 1483 430 1521 XXIII.
491 1483 685 1522 Interest
704 1485 840 1532 enim,
879 1484 999 1536 quod
1027 1495 1167 1536 genus
1196 1485 1264 1523 cui
1292 1484 1446 1536 generi

139 1538 456 1591 interponatur
482 1539 555 1578 vel
577 1537 844 1578 adhibeatur
870 1539 1005 1578 certis
1035 1544 1079 1578 et
1097 1541 1362 1579 necessariis
1383 1539 1448 1578 lo-

142 1594 222 1634 cis.
262 1593 374 1633 Nam
395 1601 438 1634 et
458 1595 502 1633 in
521 1594 679 1647 grandi
701 1607 866 1648 genere
886 1607 1062 1646 semper
1078 1600 1154 1633 aut
1173 1608 1314 1647 paene
1336 1607 1448 1634 sem·

140 1662 220 1702 per
241 1655 491 1702 temperata
509 1651 642 1689 decet
662 1663 761 1690 esse
779 1650 1013 1703 principia.
1074 1650 1130 1688 Et
1149 1652 1193 1689 in
1219 1656 1447 1703 potestate

141 1710 211 1744 est
230 1706 501 1758 eloquentis,
533 1712 581 1745 ut
600 1707 804 1745 dicantur
823 1706 1037 1745 nonnulla
1055 1705 1291 1754 submisse,
1312 1707 1449 1746 etiam

140 1772 254 1812 quae
289 1766 475 1812 possent
510 1762 741 1811 granditer
764 1761 872 1809 dici,
909 1766 957 1800 ut
990 1774 1062 1808 ea,
1100 1774 1211 1813 quae
1239 1762 1449 1801 dicuntur

141 1816 393 1869 granditer,
421 1829 476 1856 ex
503 1817 681 1856 illorum
704 1818 810 1855 fiant
829 1817 1163 1869 comparatione
1183 1817 1446 1869 grandiora,

141 1877 187 1910 et
220 1883 374 1910 eorum
409 1880 632 1925 tamquam
670 1873 835 1912 umbris
864 1873 1159 1912 luminosiora
1186 1873 1445 1913 reddantur.

138 1926 188 1965 ln
209 1939 489 1980 quocumque
511 1934 658 1967 autem
674 1940 839 1980 genere
858 1928 1008 1981 aliqua
1023 1929 1336 1981 quaestionum
1355 1928 1446 1966 vin·

142 1982 243 2021 cula
263 1983 480 2022 solvenda
498 1992 614 2031 sunt,
642 1984 844 2022 acumine
867 1996 977 2035 opus
999 1989 1080 2032 est,
1102 1984 1220 2036 quod
1240 1984 1323 2023 sibi
1345 1983 1445 2022 sub-

140 2038 322 2076 missum
352 2051 493 2090 genus
519 2040 697 2091 proprie
723 2039 932 2078 vindicat.
992 2041 1051 2079 Ac
1074 2052 1153 2091 per
1181 2040 1265 2078 hoc
1291 2051 1344 2078 eo
1367 2050 1444 2091 ge-

142 2105 249 2131 nere
267 2094 480 2132 utendum
502 2100 570 2133 est
589 2100 633 2132 et
650 2096 692 2133 in
714 2095 813 2133 aliis
834 2094 1008 2134 duobus
1029 2095 1284 2147 generibus,
1309 2107 1444 2147 quan-

141 2149 198 2187 do
220 2148 283 2187 eis
305 2149 392 2187 ista
411 2149 631 2188 incidunt:
661 2150 1065 2189 sicutlaudandum
1092 2150 1257 2202 aliquid
1289 2150 1356 2187 vel
1383 2149 1443 2187 vi-

141 2205 456 2257 tuperandum,
485 2205 559 2244 ubi
578 2217 659 2245 nec
679 2205 904 2245 damnatio
926 2207 1208 2259 cuiusquam,
1233 2218 1315 2245 nec
1335 2205 1442 2245 libe·
