1503 2465
305 88 702 130 ENCfflRlDloN
730 89 807 130 AD
838 88 1131 131 LAURENT.
1301 90 1378 132 185

66 174 282 238 gandum3
303 173 416 214 secl·
404 187 448 213 111
469 186 548 213 θοι
553 186 623 212 11111
643 174 726 213 tali
742 173 953 226 profectu
970 176 1132 215 merito
1152 175 1379 226 laudatur,

64 233 138 272 vel
177 231 312 270 etiam
350 229 665 284 temporaliter
697 235 1012 271 remuneratur
1041 230 1379 280 benevolentia,

64 301 154 329 non
173 285 377 334 fallacia,
403 297 517 339 quae
536 291 585 324 ut
601 285 868 338 ignoscatur
890 286 1001 327 satis
1021 292 1112 336 est,
1142 299 1232 327 non
1251 293 1300 327 ut
1317 292 1380 327 et-

66 346 155 384 iam
188 341 496 396 praedicetur,
535 342 728 381 maxime
762 342 808 380 in
841 340 1084 382 heredibus
1117 344 1382 382 testamenti

66 398 191 448 novi,
225 398 387 451 quibus
414 397 579 437 dicitur
598 400 660 447 ¹)·
693 396 763 436 Sit
789 395 835 436 in
871 411 944 438 ore
975 405 1140 438 vestro:
1174 405 1258 448 est,
1292 405 1383 447 θεῖς

67 468 168 503 non,
188 466 303 501 ηοη,·
334 453 450 506 quod
464 452 575 492 enim
592 451 775 506 amplius
798 460 873 502 est,
893 466 919 492 a
937 453 1048 493 malo
1070 461 1145 493 est.
1188 454 1383 507 Propter

69 509 189 563 quod
213 509 399 558 malum,
427 509 532 561 quia
554 509 799 562 subrepere
823 510 868 548 in
893 507 977 548 hac
995 510 1274 549 mortalitate
1292 522 1384 550 non

69 566 251 613 desinit,
281 565 416 604 etiam
434 565 522 617 ipsi
541 563 792 605 coheredes
814 563 983 605 Christi
1002 565 1175 605 dicunt:
1194 563 1384 605 Dimitte

68 620 190 662 uobis
209 619 352 660 debita
369 626 534 660 nostra.
548 621 589 671 2)

126 677 172 716 C.
193 676 356 716 XXIII.
419 675 505 716 His
532 677 686 729 itaque
710 688 792 728 pro
819 674 952 716 huius
969 676 1208 717 brevitatis
1226 688 1383 717 neces-

70 735 204 773 sitate
222 732 450 781 tractatis,
477 733 688 784 quoniam
707 744 894 772 caussae
913 732 1261 786 cognoscendae
1281 740 1386 772 sunt

68 801 216 828 rerum
235 789 454 828 bonarum
474 793 519 826 et
535 787 775 837 malarum,
807 796 1019 841 quantuni
1043 789 1139 828 viae
1161 789 1272 828 satis
1299 795 1384 838 est,

71 857 184 898 quae
219 857 300 883 nos
334 843 554 896 perducat
587 843 643 882 ad
675 855 884 896 regnum,
927 844 1004 883 ubi
1040 845 1127 884 erit
1158 844 1253 884 vita
1286 845 1385 884 sine

69 905 231 948 morte,
262 901 359 939 sine
379 911 451 938 err
457 911 507 937 or
512 911 534 938 e
554 899 735 948 v·e1itas,
762 901 858 939 sine
876 901 1219 952 pertuibatione
1238 899 1385 940 felici-

68 963 159 996 tas:
194 967 474 1007 nequaquam
496 954 702 994 dubitare
723 954 957 1005 debemus,
987 968 1158 1005 rerum,
1178 968 1302 1020 quae
1326 955 1385 995 ad

69 1026 151 1052 nos
171 1012 416 1065 pertinent,
449 1010 663 1050 bonarum
682 1023 888 1051 caussam
906 1024 995 1051 non
1016 1024 1117 1052 esse
1144 1012 1232 1051 nisi
1255 1012 1384 1052 boni-

69 1074 209 1108 tatem
233 1067 341 1116 Dei3
374 1066 589 1105 malarum
622 1078 728 1106 xeno
755 1068 809 1107 ab
833 1067 1102 1108 immutabili
1129 1068 1251 1107 bono
1276 1067 1384 1108 defi-

71 1124 266 1164 cientem
283 1123 392 1161 boni
409 1122 637 1162 mutabilis
656 1121 951 1173 voluntatem,
972 1124 1096 1178 prius
1116 1123 1284 1178 angeli,
1305 1122 1384 1164 ho·

68 1180 200 1220 minis
219 1184 393 1231 postea.

127 1235 174 1275 C.
202 1233 363 1274 XXlV.
424 1233 526 1273 Hoc
553 1233 743 1286 primum
780 1240 850 1275 est
884 1240 1118 1276 creaturae
1142 1234 1384 1276 rationalis

69 1291 249 1339 malum,
280 1290 326 1329 id
349 1294 431 1338 est,
462 1291 605 1342 prima
623 1291 814 1342 privatio
834 1291 957 1332 boni.
1015 1290 1192 1332 Deinde
1212 1292 1299 1331 iam
1321 1297 1384 1331 et-

72 1349 160 1388 iam
193 1345 454 1386 nolentibus
488 1345 758 1385 subintravit
789 1347 1049 1400 ignorantia
1074 1360 1223 1387 rerum
1247 1360 1383 1400 agen-

73 1403 250 1451 darum,
278 1407 322 1441 et
341 1401 711 1453 concupiscentia
727 1404 984 1451 noxiarum,
1011 1404 1171 1456 quibus
1192 1405 1383 1443 comites

71 1457 410 1499 subinferuntur
431 1469 557 1496 error
576 1463 620 1496 et
639 1457 791 1497 dolor:
823 1471 936 1512 quac
958 1459 1046 1499 duo
1065 1460 1184 1499 mala
1202 1458 1382 1512 quando

70 1513 351 1554 imminentia
369 1513 637 1561 sentiuntur,
659 1525 712 1552 ca
729 1513 966 1567 fugitantis
987 1515 1120 1554 animi
1142 1522 1290 1555 motus
1307 1528 1383 1554 vo·

72 1576 198 1610 catur
223 1575 382 1609 metus.
445 1567 589 1607 Porro
620 1569 794 1609 animus
819 1583 950 1622 quum
977 1571 1245 1623 adipiscitur
1279 1583 1386 1610 con-

72 1628 245 1679 cupita,
282 1625 482 1678 quamvis
509 1624 769 1675 perniciosa
794 1626 864 1666 vel
891 1627 1060 1675 inania,
1098 1627 1310 1679 quoniam
1336 1625 1386 1665 id

73 1694 227 1722 errore
247 1694 335 1720 non
359 1679 512 1726 sentit,
535 1680 604 1718 vel
622 1680 928 1721 delectatione
948 1683 1155 1722 morbida
1173 1683 1384 1731 vincitur,

70 1753 94 1778 i
102 1738 195 1788 01³)
215 1749 329 1777 vana
347 1735 481 1775 etiam
502 1735 678 1774 laetitia
697 1751 719 1774 1
725 1737 953 1777 entilatur.
1015 1738 1082 1777 Ex
1109 1737 1177 1777 his
1204 1738 1385 1778 inorbo-

70 1806 189 1842 rum,
224 1805 312 1832 non
331 1791 577 1838 ubeitatiS,
606 1791 687 1831 sed
704 1793 984 1846 indigentiae
1003 1799 1228 1848 tamquam
1248 1793 1384 1833 fonti·

70 1849 153 1890 bus
175 1848 318 1888 omnis
337 1847 520 1887 miseria
538 1853 725 1886 naturae
746 1850 981 1889 rationalis
1002 1862 1127 1889 eman
1135 1856 1193 1889 it.
1257 1848 1271 1858 ⁸

128 1905 174 1944 C.
196 1903 336 1944 XXV.
399 1902 524 1950 Quae
561 1909 708 1942 tamen
743 1911 903 1945 natura
935 1907 979 1944 in
1011 1906 1141 1945 malis
1176 1905 1268 1944 suis
1295 1916 1383 1944 non

70 1961 218 2015 potuit
236 1961 443 1999 amittere
462 1958 755 1998 beatitudinis
774 1961 1036 2014 adpetitum.
1085 1961 1121 2001 V
1127 1968 1174 2000 'er
1180 1974 1249 2000 um
1270 1959 1381 1999 haec

71 2017 325 2056 communia
349 2014 469 2053 mala
497 2019 599 2053 sunt
622 2019 668 2054 et
694 2014 921 2056 hominum
951 2023 995 2056 et
1015 2017 1278 2070 angelorum
1298 2027 1380 2068 pro

120 2150 153 2184 1)
177 2149 265 2180 Mat.
285 2149 316 2184 5,
334 2149 389 2180 37.
439 2148 476 2190 2)
497 2148 585 2180 Mat.
604 2150 635 2187 6,
659 2151 711 2182 12.
761 2149 797 2187 3)
816 2149 935 2188 ,,Ληι.,
957 2148 1378 2193 Er.‚Dan.‚Arn.(C‹=l.)

71 2198 107 2228 et
125 2193 264 2237 aliquot
284 2194 370 2226 Mss.
390 2195 512 2239 (Lips.
531 2195 590 2237 Β.)
610 2195 784 2227 omittunt
801 2196 895 2229 vel.“
921 2197 1008 2229 Ben.
