1503 2465
143 111 223 152 DE
255 111 560 153 DOCTRINA
593 110 825 153 CHRIST.
887 109 1224 151 PROLOGKS.
1321 109 1344 149 5

33 196 375 238 administrandi
393 203 481 236 tam
502 197 652 250 magni
670 196 827 249 populi
844 208 870 235 a
888 207 1049 235 socero
1069 207 1165 243 suo,
1193 193 1347 233 alieni-

35 266 150 307 gena
168 253 346 292 seilieet
365 251 566 302 homine,
595 259 640 292 et
658 252 850 292 maxime
870 250 1083 304 providus
1104 257 1149 290 et
1166 250 1348 289 minime

34 308 253 362 superbus
278 308 477 361 accepit-¹!
500 309 532 356 ι)
570 307 772 348 Noverat
799 308 916 347 enim
942 306 1020 347 ille
1049 307 1134 356 vir,
1170 318 1224 345 ex
1245 319 1349 359 qua-

34 376 222 417 cumque
256 365 403 403 anima
438 375 589 403 verum
625 363 865 403 consilium
898 361 1224 416 processisset,
1260 374 1349 400 non

34 422 97 469 ei,
130 420 211 459 sed
237 420 327 468 illi,
357 421 430 472 qui
459 426 529 459 est
552 420 740 468 veritas,
775 417 1133 458 incommutabili
1151 416 1250 458 Deo
1271 417 1348 456 tri-

33 474 257 515 buendum
291 488 406 514 esse.
468 475 707 514 Postremo
736 475 939 528 quisquis
969 486 1017 514 se
1049 473 1185 513 nullis
1221 486 1347 526 prae-

33 532 175 583 ceptis
193 532 462 571 instructum
475 531 626 570 divino
646 543 830 570 munere
851 542 1157 583 quaecumque
1177 530 1220 568 in
1241 529 1348 567 seri-

33 587 175 639 pturis
188 585 382 626 obscura
397 586 770 639 suntintelligere
787 586 1022 638 gloriatur,
1035 584 1150 625 bene
1168 585 1347 638 quidem

33 643 192 691 credit,
220 648 264 682 et
285 653 439 681 verum
460 649 544 691 est,
566 657 652 681 non
673 655 774 682 esse
794 643 918 681 illam
940 654 1066 681 suam
1084 640 1347 680 facultatem

33 698 157 751 quasi
184 711 209 737 a
233 710 280 737 se
306 699 406 749 ipso
434 700 749 746 exsistentem,
787 698 866 737 sed
891 697 1107 738 divinitus
1135 697 1345 736 traditam

33 757 117 799 (ita
153 754 269 793 enim
303 753 389 793 Dei
422 755 613 807 gloriam
650 754 826 807 quaerit
862 760 907 793 et
939 767 1028 792 non
1061 760 1229 801 suam);
1266 751 1346 791 sed

33 823 165 863 quum
194 810 307 863 legit
331 815 375 849 et
399 810 523 849 nullo
552 809 636 849 sibi
657 807 886 849 hominum
905 815 1160 862 exponente
1181 807 1346 848 intelli-

32 867 118 919 git,
147 878 225 905 cur
250 867 348 918 ipse
376 865 478 905 aliis
504 865 704 905 adfectat
730 877 976 917 exponere,
1005 876 1056 904 ae
1080 878 1169 904 non
1195 864 1346 916 potius

33 934 112 961 eos
140 921 330 960 remittit
349 921 472 969 Deo,
507 928 555 961 ut
580 921 666 973 ipsi
685 934 863 974 quoque
888 935 976 960 non
1003 933 1083 973 per
1103 918 1346 967 hominem,

33 977 112 1017 sed
154 977 234 1016 illo
276 977 396 1016 intus
431 977 624 1017 docente
661 977 945 1030 intelligant?
1002 976 1092 1017 Sed
1135 975 1348 1015 videlicet

32 1034 176 1081 timet,
210 1044 265 1071 ne
286 1033 442 1072 audiat
459 1046 485 1072 a
505 1032 724 1072 Domino:
754 1032 882 1072 Serve
902 1045 1101 1085 nequam,
1135 1030 1259 1071 dares
1274 1043 1347 1083 pe-

33 1088 205 1128 cuniam
224 1101 361 1127 meam
381 1087 650 1128 numulariis.
666 1090 706 1135 2)
769 1089 897 1129 Sicut
915 1101 1026 1141 ergo
1053 1086 1095 1126 hi
1125 1100 1202 1135 ea,
1236 1099 1349 1139 quae

33 1143 316 1196 intelligunt,
353 1144 549 1196 produnt
579 1145 745 1184 ceteris
776 1145 848 1185 vel
874 1144 1103 1197 loquendo
1133 1143 1205 1182 rel
1242 1142 1349 1181 seri-

35 1199 204 1248 bendo,
234 1200 295 1238 ita
322 1212 407 1253 ego
428 1213 606 1253 quoque
632 1201 671 1239 si
696 1213 785 1240 non
813 1200 957 1240 solum
978 1212 1031 1239 ea
1051 1211 1163 1252 quae
1184 1198 1350 1237 intelli-

35 1256 214 1308 gant-³),
250 1255 330 1294 sed
365 1257 500 1296 etiam
535 1255 834 1309 intelligendo
872 1268 924 1296 ea
957 1268 1070 1308 quae
1107 1255 1352 1294 observent

35 1310 295 1364 prodidero,
319 1311 488 1363 culpari
509 1311 562 1350 ab
583 1313 648 1351 eis
670 1311 876 1364 profecto
898 1324 985 1351 non
1008 1311 1176 1360 debeo3
1201 1322 1350 1363 quam-

36 1380 166 1420 quam
187 1379 317 1406 nemo
339 1367 475 1407 debet
493 1367 663 1420 aliquid
682 1369 746 1407 sie
771 1366 935 1407 habere
955 1367 1085 1420 quasi
1104 1379 1229 1406 suum
1252 1378 1350 1418 pro-

35 1423 199 1474 prium,
232 1423 315 1461 nisi
344 1423 463 1463 forte
484 1423 780 1463 mendacium.
843 1422 955 1463 Nam
976 1434 1105 1462 mnne
1124 1433 1276 1461 verum
1297 1420 1351 1459 ab

37 1479 115 1517 illo
146 1484 215 1517 est
239 1480 311 1531 qui
339 1479 420 1518 ait:
453 1477 555 1532 Ego
579 1492 671 1518 sum
697 1477 868 1518 veritas.
886 1478 923 1528 ¹)
986 1478 1103 1526 Quid
1133 1478 1250 1518 enim
1278 1474 1350 1515 lia-

37 1533 193 1573 bemus
226 1534 347 1587 quod
382 1548 471 1574 non
507 1536 789 1588 accepimus!
839 1535 971 1582 Quod
1007 1535 1043 1572 si
1079 1535 1350 1584 accepimus,

39 1589 143 1642 quid
164 1588 414 1642 gloriamur
432 1591 557 1643 quasi
580 1604 667 1629 non
687 1590 1021 1642 acceperimus!
1040 1591 1078 1635 ⁵)
1129 1589 1213 1637 Qui
1240 1588 1351 1640 legit

37 1645 325 1685 audientibus
348 1647 531 1695 literas,
570 1646 721 1699 utique
750 1659 858 1699 quas
886 1647 1095 1697 agnoscit
1120 1645 1349 1689 enuntiat3

39 1702 112 1754 qui
142 1707 291 1740 autem
318 1703 440 1755 ipsas
469 1702 624 1742 literas
644 1702 797 1750 tradit,
834 1700 919 1741 hoc
939 1702 1047 1752 agit,
1080 1709 1127 1740 ut
1146 1700 1220 1739 alii
1245 1713 1351 1752 quo-

38 1768 124 1809 que
145 1756 298 1809 legere
322 1758 549 1807 unxerint,
578 1763 763 1810 uterque
783 1765 932 1797 tamen
951 1752 996 1796 id
1018 1759 1214 1797 insinuat
1233 1753 1351 1808 quod

38 1813 228 1864 accepit.
291 1812 364 1853 Sic
391 1814 525 1853 etiam
558 1813 630 1865 qui
657 1826 722 1861 ea,
758 1826 871 1866 quae
898 1814 940 1852 in
969 1812 1204 1865 scripturis
1224 1810 1354 1849 intel·

40 1868 161 1919 ligit,
198 1869 383 1921 exponit
417 1868 728 1917 audientibus,
767 1876 993 1921 tamquam
1027 1869 1208 1914 literas,
1245 1878 1354 1918 quas

39 1925 261 1975 agnoseit,
283 1925 544 1976 pronuntiat
564 1924 747 1964 lectoris
768 1925 940 1973 officio,
967 1925 1040 1976 qui
1062 1931 1211 1963 autem
1231 1934 1356 1974 prae-

43 1980 165 2031 cipit,
178 1993 263 2032 quo
285 1980 420 2019 modo
444 1980 784 2031 intelligendum
805 1981 879 2030 sit,
896 1980 1057 2020 similis
1072 1986 1139 2019 est
1159 1976 1355 2018 tradenti

43 2034 214 2083 literas,
233 2033 318 2074 hoe
335 2042 417 2085 est,
434 2031 847 2089 praecipienti‚quo
870 2035 1002 2075 modo
1024 2036 1082 2074 sit
1101 2033 1356 2087 legendum,

97 2172 126 2205 Ι)
151 2168 268 2200 Exod.
295 2172 341 2205 Ιῑὶ,
367 2171 416 2200 13.
436 2180 483 2201 ss.
536 2171 571 2210 2)
594 2167 722 2200 Blandi.
742 2171 795 2200 25.
815 2168 868 2200 27.
921 2168 956 2205 3)
984 2167 1071 2199 Mss.
1092 2169 1132 2199 223
1160 2165 1355 2198 exhibent:

45 2213 226 2257 infclligo.
278 2214 412 2257 4)10h.
439 2219 489 2253 14,
512 2216 542 2247 0.
592 2215 628 2256 ὖ)
652 2215 709 2246 Cf.
732 2217 746 2247 1
771 2214 852 2247 Cor.
874 2215 905 2251 4,
926 2214 956 2244 Τ.
