1503 2465
240 109 319 149 DE
351 105 655 147 DOCTlu-NA
686 106 918 148 CHRIST.
977 107 1092 152 LlB.
1124 109 1198 150 IV.
1300 110 1378 150 137

68 201 194 244 cunt,
227 193 305 234 sed
326 192 590 245 castigatius
611 191 904 243 eloquuntur,
939 206 1028 232 non
1048 206 1182 246 posse
1201 194 1266 234 ita
1286 194 1378 234 elo-

68 254 142 306 qui
162 251 435 297 existimant,
456 261 542 286 non
559 247 728 286 iudicio
744 249 832 286 ista
847 247 1063 289 devitare.
1094 250 1381 303 Quapropter

66 309 154 349 iste
174 307 240 345 vir
259 310 441 345 sanctus
462 309 507 342 et
523 315 658 357 posse
678 315 726 342 se
748 304 948 353 ostendit
970 305 1035 344 sic
1065 305 1239 355 dicere,
1276 306 1382 358 quia

70 365 183 405 dixit
198 361 378 409 alieubi,
400 364 445 398 et
460 359 595 406 nolle,
617 359 827 411 quoniam
843 361 1129 411 postmodum
1148 374 1378 414 nusquam.

126 419 173 458 C.
193 416 290 456 XV.
350 416 455 468 Agit
474 415 625 466 itaque
649 420 802 453 noster
820 415 905 454 iste
927 416 1161 469 eloquens,
1184 430 1316 469 quum
1338 422 1383 457 et

67 477 188 515 iusta
216 478 261 512 et
290 478 446 512 sancta
472 476 517 510 et
542 471 661 509 hona
680 470 789 509 dicit
810 472 974 523 (neque
997 473 1113 511 enim
1136 473 1227 511 alia
1246 473 1383 512 (lebet

68 532 262 578 dicere)3
297 528 392 581 agit
418 538 527 579 ergo
558 531 769 577 quantum
795 533 948 579 potest
977 540 1109 579 quum
1136 528 1224 567 ista
1254 529 1381 578 dicit,

69 593 116 627 ut
133 584 444 637 intelligenter
459 613 470 632 ,
494 588 543 620 ut
560 581 775 631 libenter,
801 589 848 621 ut
867 582 1133 623 obedienter
1150 585 1380 624 audiatur:

69 649 114 683 et
133 640 243 681 haee
262 653 309 679 se
330 650 478 692 posse,
505 638 544 677 si
563 639 776 690 potuerit,
806 644 850 677 et
868 639 913 677 in
933 645 1145 690 quantum
1164 641 1382 692 potuerit,

66 700 235 752 pietate
260 696 403 748 magis
441 693 713 741 orationum,
749 706 879 746 quam
905 700 1133 734 oratorum
1163 695 1382 735 facultate

67 768 157 794 non
191 752 387 799 dubitet,
434 755 489 789 ut
521 748 722 788 orando
755 761 851 801 pro
883 762 963 799 se,
1013 763 1070 790 ae
1109 763 1200 804 pro
1238 752 1380 801 illis,

68 822 200 863 quos
232 814 313 847 est
343 806 723 853 adlocuturus,
756 805 828 844 sit
860 811 1047 845 orator
1073 813 1200 846 ante
1229 820 1382 859 quam

69 867 264 906 dictor.
335 862 454 916 Ipsa
498 860 631 900 hora
665 861 768 899 iam
809 866 863 900 ut
902 861 1046 901 dicat
1086 865 1380 911 accedens,

68 922 216 975 prius
256 931 406 972 quam
446 920 667 956 exserat
706 916 1076 969 proferentem
1119 918 1379 971 linguam,

69 977 132 1017 ad
160 976 327 1015 Deum
357 974 505 1013 levet
535 973 757 1011 animam
789 973 1098 1023 sitientem,
1131 980 1180 1013 ut
1204 980 1382 1015 eructet

69 1033 189 1086 quod
202 1030 381 1078 biberit,
394 1028 466 1068 vel
481 1027 601 1081 quod
619 1028 874 1080 impleverit
891 1027 1063 1069 fundat.
1096 1029 1240 1077 Quum
1262 1032 1382 1071 enim

67 1090 122 1131 de
142 1101 230 1127 una
248 1097 422 1139 quaque
442 1096 504 1133 re,
525 1095 638 1136 quae
657 1084 902 1123 secundum
918 1085 1050 1124 fidem
1069 1085 1380 1126 dilectionem-

67 1156 152 1199 que
171 1146 206 1193 l)
232 1140 469 1182 tractanda
495 1144 618 1188 sunt,
654 1139 795 1179 multa
821 1140 911 1179 sint
929 1153 1043 1193 quae
1068 1142 1295 1191 dieantur,
1335 1147 1382 1181 et

65 1200 195 1242 multi
220 1197 341 1238 modi
369 1195 528 1249 quibus
560 1195 766 1234 (licuntur
789 1196 842 1235 ab
865 1198 954 1245 eis,
989 1197 1064 1249 qui
1084 1196 1195 1237 haee
1215 1198 1379 1248 sciunt,

68 1258 167 1310 quis
187 1254 311 1294 novit
330 1251 437 1305 quid
455 1251 510 1290 ad
528 1263 742 1303 praesens
762 1257 951 1303 tempus,
965 1252 1039 1291 vel
1057 1253 1187 1293 nobis
1208 1254 1378 1303 dicere,

65 1311 139 1351 vel
163 1323 241 1363 per
264 1322 346 1348 nos
372 1306 583 1359 expediat
608 1306 775 1355 audiri,
810 1308 899 1347 nisi
926 1308 1002 1359 qui
1020 1309 1159 1348 corda
1181 1310 1378 1348 omnium

63 1366 213 1407 videt!
240 1366 301 1404 Et
318 1364 432 1417 quis
457 1362 612 1411 facit,
639 1368 691 1401 ut
709 1363 849 1415 quod
870 1369 1114 1415 oportet,
1138 1371 1188 1404 et
1207 1377 1377 1416 quem-

64 1421 344 1463 admodum
379 1424 602 1470 oportet
635 1417 851 1458 dicatur
885 1431 911 1457 a
947 1419 1127 1468 nobis,
1183 1421 1291 1460 nisi
1323 1422 1375 1460 in

65 1479 220 1520 cuius
260 1488 415 1516 manu
457 1479 580 1513 sunt
619 1479 671 1513 et
711 1488 806 1514 nos
859 1480 910 1514 et
956 1486 1239 1515 sermones
1284 1488 1374 1516 no-

65 1533 243 1583 stri'32)
264 1533 329 1571 Ac
354 1542 447 1583 per
476 1528 572 1568 hoe
597 1529 773 1569 diseat
800 1530 1012 1582 quidem
1042 1532 1221 1571 omnia
1241 1543 1373 1584 quae

66 1588 314 1630 docenda
346 1590 473 1626 sunt
507 1586 594 1638 qui
629 1591 681 1625 et
713 1597 874 1625 nosse
908 1586 1024 1625 vult
1063 1592 1115 1625 et
1149 1587 1372 1637 docere,

63 1645 508 1693 facultatemque
542 1641 783 1689 dicendi,
824 1647 877 1681 ut
903 1641 1064 1681 decet
1086 1643 1258 1682 virum
1290 1655 1373 1682 ec-

64 1701 238 1741 clesia
252 1699 321 1739 sti
339 1711 398 1737 cu
412 1710 450 1736 m
465 1728 474 1746 ‚
509 1709 754 1748 compare
768 1703 797 1736 t.
842 1697 908 1736 Ad
928 1695 1085 1736 horam
1103 1711 1210 1737 vero
1230 1700 1371 1752 ipsius

64 1756 277 1797 dictionis
297 1753 409 1793 illud
430 1753 579 1806 potius
597 1752 742 1791 bonae
761 1754 898 1792 menti
919 1754 1092 1805 cogitet
1111 1756 1371 1803 convenire,

63 1813 183 1865 quod
202 1810 422 1850 Dominus
451 1808 588 1856 υἱὲ-ῆι
626 1806 770 1847 Nolite
793 1808 1012 1859 cogitare,
1040 1811 1266 1860 quomodo
1296 1816 1375 1849 aut

65 1867 169 1921 qnid
192 1864 456 1918 loquamini;
487 1863 662 1902 dabitur
688 1863 798 1903 enim
826 1864 940 1903 vobis
960 1862 1005 1902 in
1033 1863 1106 1904 illa
1131 1865 1258 1905 liora*
1272 1865 1375 1918 quid

62 1921 328 1975 loquamini5
359 1933 446 1959 non
464 1919 573 1958 enim
596 1932 663 1958 vos
683 1919 780 1958 estis
800 1919 874 1972 qui
890 1918 1130 1971 loquimini,
1155 1922 1229 1960 sed
1245 1920 1370 1973 spiri-

60 1985 126 2017 tus
140 1977 281 2030 patris
302 1975 442 2023 vestri,
466 1974 539 2027 qui
555 1974 747 2027 loqnilzcr
763 1974 808 2014 in
829 1975 957 2015 vohis.
997 1974 1071 2015 Sic
1092 1989 1201 2027 ergo
1222 1978 1365 2030 loqui-

57 2038 130 2074 tur
159 2034 202 2071 in
228 2034 292 2071 eis
321 2031 506 2083 spiritus
531 2036 734 2079 sanctus,
769 2031 843 2083 qui
872 2033 1247 2084 persequentibus
1278 2041 1364 2073 tra-

107 2164 140 2205 1)
161 2163 291 2201 „Editi
308 2163 363 2204 (et
381 2164 485 2210 codd.
505 2163 645 2206 Lips.):
666 2165 1027 2213 delectationemque.
1077 2167 1164 2200 Mss.
1183 2168 1363 2209 potiores:

60 2209 402 2253 dilecciunenzqzze.“
429 2211 518 2244 Ben.
570 2216 606 2253 2)
628 2211 684 2243 Cf.
706 2214 790 2257 Sap.
810 2215 839 2252 7,
868 2217 920 2248 16.
971 2217 1008 2256 3)
1029 2213 1159 2248 Matth.
1183 2217 1234 2253 10,
1262 2216 1312 2247 19.
1338 2225 1364 2247 s-
