1503 2465
70 112 147 151 122
428 110 665 151 AURELII
695 109 1012 151 AUGUSTINI

68 207 200 248 quum
223 194 436 234 verbavel
453 206 587 233 sensa
599 199 926 234 connectuntur
939 195 1127 236 alterum
1143 210 1197 237 ex
1212 197 1371 246 altem,

67 251 184 290 sieut
203 248 273 289 hie
293 262 347 289 ex
366 250 657 289 tribulatione
678 250 951 303 patientiam,
967 264 1021 291 ex
1042 254 1257 305 patientia
1273 266 1373 306 pro-

65 306 317 354 bationem,
353 317 409 345 ex
434 305 701 359 probatione
735 318 857 358 spem
882 318 1128 347 connexam
1156 309 1374 348 videmus.

67 362 340 414 Agnoscitur
359 366 403 400 et
428 361 549 400 aliud
571 361 731 409 dee-us,
757 363 964 413 quoniam
985 368 1087 414 post
1105 364 1255 417 aliqua
1273 376 1372 416 pro-

68 416 362 457 nuntiationis
381 428 492 456 voce
512 417 691 469 singula
709 417 848 464 finita,
881 430 995 469 quae
1016 421 1154 458 nostri
1177 419 1376 466 membra

69 477 114 512 et
133 471 456 521 caesa,Graeci
475 477 623 511 autem
643 473 753 511 κῶλα
771 476 815 511 et
833 470 1032 519 κόμματα
1042 470 1376 527 vocant,sequi-

67 533 141 566 tur
155 527 346 566 ambitus
366 528 461 566 sive
482 528 718 577 circuitus,
752 540 881 581 quem
906 529 1105 580 περίοδον
1131 531 1197 569 illi
1225 529 1374 583 adpel-

68 582 175 630 lant,
191 584 317 621 euius
330 583 530 621 membra
543 583 996 635 suspemlunturvoee
1009 585 1215 634 dicentis,
1231 586 1375 625 donec

68 638 226 677 ultimo
248 638 441 678 finiatur.
472 638 582 677 Nam
604 651 773 687 eorum,
789 651 902 691 quae
922 641 1197 692 praecedunt
1217 641 1374 680 circui·

68 700 177 742 nim,
203 693 448 733 membrum
466 693 578 733 illud
598 700 667 733 est
687 695 892 747 primum:
930 695 1130 747 quoniam
1150 695 1373 736 tribulatio

62 748 323 802 patientiam
344 756 577 801 operatum
600 750 1097 802 seeundumzpatientia
1115 759 1374 805 antempro-

70 804 313 853 bationem;
344 806 546 844 tertium:
571 805 780 858 probatio
798 819 896 846 vero
916 819 1044 859 spem.
1103 807 1280 848 Deinde
1299 807 1375 860 qui

69 860 357 913 subiungitur
373 862 470 912 ipse
490 861 705 901 circuitus
724 861 797 901 vel
814 862 957 901 tribus
984 864 1217 916 peragitur
1240 876 1375 903 mem-

68 915 184 964 bris,
209 928 396 968 quorum
418 916 606 968 primum
627 924 713 957 est:
746 930 836 970 spes
855 925 995 957 antem
1015 932 1098 958 non
1121 917 1376 973 confundit,-

70 972 334 1011 seeundum:
362 971 462 1023 qnia
481 972 644 1011 caritas
663 971 751 1012 Dei
764 972 926 1026 dfftsa
945 980 1008 1012 est
1022 974 1065 1012 in
1087 974 1283 1014 cordibus
1302 987 1375 1013 no-

69 1027 199 1075 stri&
231 1027 436 1066 tertium:
459 1040 541 1080 per
557 1027 755 1080 spiritum
773 1036 967 1068 sanetum
989 1029 1062 1080 qni
1079 1031 1202 1069 datus
1222 1036 1285 1069 est
1300 1043 1373 1069 no-

72 1082 146 1122 bis.
204 1082 259 1121 At
283 1081 394 1121 haee
417 1089 551 1135 atque
579 1083 889 1124 huiuscemodi
915 1085 960 1124 in
986 1085 1258 1125 elocutionis
1281 1091 1375 1124 arte

70 1138 320 1178 truduntur.
354 1138 480 1178 Sicut
500 1151 607 1192 ergo
629 1141 885 1192 apostolum
906 1148 1146 1193 praecepta
1165 1142 1376 1193 eloquen-

70 1196 160 1234 tiae
180 1200 383 1233 secutum
397 1193 539 1234 fuisse
558 1207 646 1233 non
658 1195 862 1245 dicimus,
878 1198 943 1235 ita
957 1197 1075 1248 quod
1091 1199 1187 1236 eius
1203 1197 1376 1248 sapien-

69 1251 178 1290 tiam
204 1254 362 1288 secuta
385 1249 445 1288 sit
470 1250 730 1303 eloquentia
755 1263 842 1290 non
874 1263 1103 1304 negamus.
1165 1251 1376 1292 Scribens

71 1306 126 1344 ad
147 1304 406 1344 Corinthios
432 1305 476 1343 in
505 1306 704 1345 secunda
727 1306 921 1358 epistola
936 1310 973 1356 ¹)
992 1307 1225 1360 redarguit
1246 1319 1376 1360 quos·

72 1361 188 1408 dam,
215 1361 287 1412 qui
309 1365 437 1400 erant
456 1373 513 1400 ex
532 1361 709 1400 ludaeis
729 1362 1125 1414 pseudoapostoli,
1153 1365 1282 1415 eique
1303 1363 1376 1402 de-

71 1414 331 1465 trahebant3
365 1420 410 1454 et
428 1417 637 1469 quoniam
664 1429 712 1456 se
737 1418 877 1469 ipsum
899 1418 1159 1471 praedicare
1183 1417 1376 1470 compel-

71 1471 193 1519 litur,
222 1469 334 1509 lianc
353 1471 438 1510 sibi
457 1472 580 1511 velut
596 1473 899 1524 insipientiam
921 1474 1139 1523 tribuens,
1162 1487 1291 1528 quam
1311 1486 1378 1513 sa-

72 1527 249 1579 pienter
268 1527 378 1566 dicit
396 1539 615 1580 quamque
632 1528 914 1580 eloquenter!
936 1529 1022 1569 Sed
1037 1542 1189 1569 eomes
1204 1532 1378 1582 sapien-

72 1583 185 1631 tiae,
214 1582 302 1621 dux
322 1583 630 1635 eloquentiae,
657 1583 778 1622 illam
801 1596 1016 1637 sequens,
1049 1585 1179 1624 istam
1199 1597 1378 1638 praeee-

74 1639 182 1678 dens
205 1643 249 1676 et
266 1643 526 1689 sequentem
546 1651 633 1677 non
652 1651 885 1690 respuens:
907 1639 1070 1680 Iterum
1089 1640 1196 1689 dico,
1218 1641 1376 1694 inquit,

73 1707 124 1733 ne
153 1692 244 1746 quis
268 1706 333 1732 me
357 1692 569 1733 existimet
592 1694 861 1746 insipientem
884 1709 999 1744 esse;
1039 1695 1231 1749 alioquin
1266 1697 1380 1735 velut

72 1748 340 1801 insipientem
358 1748 557 1801 suscipite
575 1762 660 1798 me,
688 1756 735 1788 nt
758 1757 800 1789 et
822 1764 900 1804 ego
928 1751 1139 1790 niodieum
1160 1751 1262 1804 qnid
1279 1752 1374 1805 glo·

74 1804 175 1844 tier.
240 1802 557 1856 Qnodloqnor,
588 1819 671 1844 non
689 1807 844 1858 loquor
866 1808 1094 1846 seeundum
1110 1806 1270 1856 Deum,
1306 1807 1381 1846 sed

77 1858 201 1913 qnasi
214 1858 258 1898 in
275 1859 475 1907 stultitia,
496 1860 539 1899 in
561 1860 644 1899 liae
659 1861 900 1901 substantia
914 1862 1098 1915 gloriae.
1161 1862 1378 1913 Quoniam

77 1914 244 1968 quidem
262 1914 386 1954 multi
399 1915 651 1968 gloriantur
667 1917 897 1956 seeundum
917 1931 1103 1966 carnem,
1129 1925 1172 1958 et
1188 1932 1267 1971 ego
1282 1919 1376 1971 glo-

76 1969 239 2009 riabor.
276 1969 483 2010 Libenter
502 1970 611 2009 enim
628 1971 843 2011 sustinetis
862 1971 1120 2025 insipientes,
1142 1987 1267 2026 quum
1285 1973 1378 2014 sitis

75 2024 161 2077 ipsi
176 2025 400 2077 sapientes.
466 2024 681 2066 Toleratis
700 2026 831 2076 enim,
864 2027 1011 2081 siquis
1036 2042 1105 2068 vos
1128 2029 1170 2068 in
1198 2029 1375 2069 servitu-

78 2087 159 2120 tem
180 2080 352 2133 redigit,
381 2079 526 2134 siquis
547 2082 745 2132 devorat,
772 2082 811 2122 si
830 2082 920 2137 qais
939 2083 1114 2138 accipit,
1139 2084 1177 2124 si
1196 2085 1287 2138 quis
1307 2098 1374 2126 ex·

125 2202 160 2245 l)
184 2201 292 2242 C.1l,
316 2204 366 2236 16.
383 2214 432 2237 ss.
