1503 2465
137 136 190 177 46
497 138 736 181 AURELII
765 138 1087 180 AUGUSTINI

139 223 426 262 cantantium.
450 221 544 263 Ista
562 235 671 275 ergo
691 222 827 263 facile
848 224 982 262 etiam
996 225 1221 264 contemni
1242 232 1445 276 possunt,

139 279 176 318 si
201 279 298 331 quis
318 290 372 317 ea
392 290 550 318 cavere
570 279 783 328 noluerit,
803 291 916 332 quae
937 291 1046 318 sano
1065 280 1314 319 intellectui
1337 279 1448 319 nihil

140 332 394 373 detrahunt.
433 334 488 373 At
505 346 612 374 vero
631 335 743 374 illud
763 335 883 388 quod
904 335 967 374 ait
984 335 1218 387 apostolus
1238 337 1297 385 ¹):
1322 334 1451 385 Quod

139 390 316 428 stultum
333 395 397 429 est
411 387 517 437 Dei,
542 389 778 442 sapientius
797 397 860 430 est
879 389 1146 440 hominibus,
1182 397 1226 430 et
1249 391 1363 443 qnod
1385 391 1447 430 in-

139 443 314 495 firmum
339 451 402 484 est
423 443 528 494 Dei,
552 444 726 500 fortius
751 452 816 485 est
841 444 1105 494 hominibus,
1143 448 1183 486 si
1200 447 1298 499 quis
1323 446 1367 484 in
1393 458 1447 485 eo

142 500 361 543 Graecam
389 501 667 540 locutionem
693 513 874 542 servare
899 501 1138 551 voluisset,
1170 508 1220 540 ut
1253 502 1448 540 diceret:

142 556 263 609 quod
291 556 476 595 stultum
503 561 573 596 est
598 556 706 606 Dei,
742 558 990 610 sapientius
1018 562 1087 596 est
1121 556 1372 605 hominum,
1406 564 1451 596 et

141 611 263 664 quod
290 612 512 651 infirmum
537 618 607 652 est
626 612 736 662 Dei,
767 611 932 653 fortius
970 618 1040 652 est
1070 611 1317 651 hominum:
1362 612 1452 651 iret

141 667 324 719 quidem
339 667 569 720 vigilantis
588 668 775 708 lectoris
794 669 985 708 intentio
1004 670 1050 708 in
1071 668 1323 707 sententiae
1338 668 1451 706 veri-

140 728 295 772 tatem,
315 723 395 762 sed
414 727 564 762 tamen
582 724 744 777 aliquis
764 725 939 764 tardior
957 728 1139 763 autnon
1158 723 1453 776 intelligeret,

141 784 219 818 aut
247 778 380 818 etiam
407 791 618 831 perverse
640 779 934 833 intelligeret.
994 778 1096 818 Non
1132 779 1249 818 enim
1282 783 1454 817 tantum

142 834 308 874 vitiosa
324 834 497 874 locutio
519 840 588 874 est
606 835 652 874 in
671 835 835 874 Latina
852 836 1009 887 lingua
1026 835 1146 884 talis,
1172 846 1324 873 verum
1344 839 1388 873 et
1407 834 1454 873 in

143 888 485 943 ambiguitatem
510 889 649 939 cadit,
685 896 733 930 ut
760 892 889 944 quasi
914 889 1142 929 hominum
1168 890 1354 929 stultum
1380 889 1453 928 vel

143 944 372 985 hominum
405 946 628 985 infirmum
661 947 909 999 sapientius
943 945 1016 985 vel
1046 944 1212 985 fortius
1247 944 1453 984 videatur

144 1013 260 1049 esse,
297 1013 428 1053 quam
452 1001 560 1051 Dei3
595 1014 862 1054 quamquam
887 1007 932 1041 et
959 1001 1092 1040 illud:
1129 1000 1365 1054 sapientius
1390 1006 1455 1039 est

143 1056 386 1096 hominibus
419 1069 509 1096 non
536 1063 660 1097 caret
693 1058 927 1110 ambiguo,
962 1057 1096 1096 etiam
1116 1057 1155 1096 si
1173 1056 1450 1096 soloecismo

144 1116 282 1152 earet.
339 1112 498 1152 Utrum
532 1113 648 1152 enim
683 1112 747 1152 lais
783 1112 1026 1152 hominihus
1058 1113 1113 1152 ab
1147 1124 1201 1151 eo
1237 1111 1357 1164 quod
1383 1116 1453 1150 est

143 1166 246 1208 'lucie
267 1167 451 1217 homini,
487 1180 543 1208 an
568 1167 633 1207 his
659 1167 902 1208 hominibus
921 1168 974 1207 ab
995 1180 1048 1208 eo
1070 1167 1190 1220 quod
1209 1173 1280 1207 est
1297 1167 1349 1207 ab
1372 1166 1454 1206 hoc

142 1222 314 1263 homine
347 1223 514 1263 dictum
548 1224 622 1273 sit,
656 1237 745 1263 non
781 1225 969 1277 adparet
1001 1224 1087 1263 nisi
1122 1223 1452 1263 illuminatione

143 1280 411 1320 sententiae.
486 1279 651 1319 Melius
692 1281 847 1333 itaque
889 1280 1076 1319 dicitur:
1125 1278 1360 1331 sapientius
1391 1284 1454 1317 est

143 1347 271 1390 qaam
291 1334 496 1383 homines,
525 1334 776 1388 ctzfort‘iecs
797 1342 860 1374 est
878 1348 1005 1388 quam
1023 1334 1228 1374 homines.

200 1392 247 1430 C.
270 1391 386 1432 XIV.
425 1391 492 1430 De
509 1391 731 1444 ambiguis
751 1396 900 1431 autem
919 1391 1059 1444 signis
1080 1396 1182 1442 post
1200 1391 1448 1442 loquemur.

142 1446 270 1487 Nunc
306 1447 359 1486 de.
390 1446 637 1500 incognitis
675 1447 870 1500 agimus,
906 1458 1095 1499 quorum
1131 1446 1243 1484 duae
1277 1445 1450 1484 formae

141 1509 259 1553 sunt,
281 1508 492 1555 quantum
511 1502 565 1541 ad
585 1503 722 1542 verba
741 1503 948 1555 pertinet.
1009 1500 1211 1554 Namque
1230 1507 1305 1540 aut
1324 1501 1451 1553 igno-

139 1565 234 1599 tum
255 1558 437 1598 verbum
456 1557 566 1597 facit
584 1556 772 1597 haerere
792 1558 1010 1598 lectorem
1025 1587 1036 1606 ,
1061 1562 1137 1596 aut
1154 1557 1311 1610 ignota
1329 1557 1450 1596 locu-

139 1615 221 1654 tio.
284 1615 408 1662 Quae
438 1614 476 1653 si
501 1626 556 1653 ex
579 1614 739 1653 alienis
766 1614 934 1667 linguis
967 1614 1173 1661 veniunt,
1208 1618 1285 1651 aut
1318 1623 1450 1664 qnae·

139 1670 282 1709 reuda
299 1669 473 1709 suntab
493 1680 645 1709 earum
664 1670 918 1723 linguarum
945 1667 1221 1716 hominibus,
1256 1675 1332 1707 aut
1352 1680 1450 1705 eae-

143 1725 244 1764 dem
264 1725 459 1777 liuguae,
473 1725 509 1763 si
529 1729 574 1764 et
592 1725 731 1765 otium
751 1731 820 1764 est
840 1730 884 1764 et
900 1725 1145 1777 ingenium,
1162 1722 1450 1767 ediscendae,

142 1786 219 1820 aut
243 1781 434 1833 plurium
454 1780 749 1832 interpretum
770 1779 1048 1819 consulenda
1068 1779 1253 1819 collatio
1273 1784 1355 1818 est.
1402 1778 1447 1817 Si

141 1842 292 1875 autem
315 1836 455 1888 ipsius
480 1836 662 1888 linguae
686 1842 868 1875 nostrae
899 1836 1051 1887 aliqua
1089 1835 1224 1874 verba
1255 1834 1448 1873 locutio-

141 1902 310 1944 nesque
333 1893 616 1944 ignoramus,
652 1892 836 1943 legendi
865 1889 1190 1930 consuetudine
1216 1888 1448 1930 audiendi-

141 1960 226 1999 que
252 1947 554 1986 innoteseunt.
613 1946 749 1987 Nulla
771 1959 878 1986 sane
903 1951 1007 1986 sunt
1028 1946 1170 1998 magis
1195 1944 1448 1985 mandanda

140 2003 406 2050 memoriae,
443 2014 573 2054 quam
597 2002 677 2041 illa
702 2003 939 2042 verborum
970 2002 1338 2054 locutionumque
1371 2010 1445 2053 ge-

139 2070 248 2097 nera
267 2070 378 2110 quae
397 2058 677 2110 ignoramus,
708 2066 756 2097 ut
775 2071 906 2111 quum
926 2058 998 2097 vel
1023 2058 1215 2110 peritior
1239 2068 1445 2096 occurre-

139 2114 213 2157 rit,
248 2113 302 2152 de
322 2126 408 2165 quo
429 2114 583 2165 quaeri
602 2115 790 2167 possint,
826 2114 897 2154 vel
915 2113 1019 2153 talis
1044 2113 1197 2162 lectio,
1233 2123 1346 2165 quae
1378 2111 1444 2150 vel

189 2233 224 2274 l)
251 2235 261 2263 Ι
285 2232 367 2264 Cor.
391 2236 418 2270 l,
438 2236 494 2268 25.
