1503 2465
142 101 171 131 b<

179 100 206 130 Ν

145 172 178 1774 00000000000000000000000

149 1879 176 1959 00

548 86 1043 127 ARGUMENTUM.

179 197 187 205 .
205 175 238 206 7.
289 168 518 212 Scriptorum
537 181 721 203 sacrorum
740 169 973 213 eloquentiae
993 168 1178 212 exempla.

179 244 186 251 .
205 222 235 251 8.
286 217 343 249 De
369 218 592 250 obscuritate
625 218 841 259 scriptorum
876 228 1060 249 sacrorum
1093 228 1163 248 non
1197 217 1373 250 imitanda
1402 220 1446 250 al·

237 264 446 295 doctoribus
467 263 703 301 Christianis,
723 264 854 305 quibus
872 264 1071 305 perspicue
1090 262 1308 304 loquendum
1328 271 1394 295 est.

180 336 187 343 .
206 312 237 343 9.
288 307 487 341 Intellectu
514 308 726 342 difficiliora
750 308 807 341 vel
827 320 898 340 non
918 310 1160 351 proponenda
1177 320 1271 348 esse,
1295 309 1353 341 vel
1371 314 1447 342 stu-

240 355 408 393 dendum,
439 359 478 388 ut
496 354 719 398 explicando
736 354 847 397 plana
865 356 965 388 siant.

179 428 186 435 .
208 405 261 434 10.
286 401 572 449 Perspicuitatis
597 403 778 444 potiorem
804 412 911 443 quam
935 400 1142 442 elegantiae
1174 401 1352 434 rationem
1387 401 1449 434 lia-

236 448 390 480 bendam
411 459 503 480 esse.

180 520 187 527 .
208 497 259 527 ll.
286 494 488 535 Pei-spicue
509 494 638 526 doceat
657 493 800 532 doctor,
828 498 865 526 et
882 496 1036 536 propter
1051 493 1285 532 fastidiosos,
1311 495 1340 526 si
1368 499 1448 537 pot-

238 544 303 577 est,
332 541 442 571 etiam
461 542 632 572 suaviter.

182 611 189 619 .
210 589 262 619 12.
292 586 453 618 Oratoris
472 598 569 624 esse,
596 589 636 618 ut
655 586 799 625 doceat,
827 585 1003 625 delectet,
1031 586 1174 626 flectat3
1203 597 1352 629 (piorum
1372 587 1449 629 pri·

239 643 330 665 mum
350 633 508 665 maxime
527 632 583 665 hic
601 634 858 665 necessarium.

181 703 188 711 .
210 682 260 711 13.
287 677 509 712 Flectendos
535 690 615 712 esse
639 680 795 719 animos,
823 682 861 710 ut
887 679 981 721 quod
1006 679 1210 712 faciendum
1237 677 1451 720 intelligunt

238 725 390 757 faciant.

183 797 190 803 .
210 774 265 804 14.
293 770 517 803 Suavitatem
545 771 735 809 dictionis,
762 782 831 814 qua
854 782 913 804 res
939 770 998 804 vel
1023 782 1157 814 pravae
1181 770 1239 805 vel
1258 771 1364 804 nihili
1393 783 1450 804 or·

238 820 379 854 nentur,
404 828 474 849 non
494 828 573 850 esse
593 819 814 850 sectandam.

184 890 191 897 .
212 867 264 896 15.
294 863 436 896 oratori
455 862 718 901 ecclesiastico,
745 869 827 896 ante
847 875 950 906 quam
971 865 1080 901 dicat,
1107 865 1207 896 Deus
1225 863 1395 896 orandus.

184 936 190 943 .
211 912 263 943 16.
292 909 448 942 Praeter
471 921 600 952 preces
625 911 784 942 studium
809 914 845 943 et
869 909 1098 951 diligentiam
1117 922 1137 942 a
1156 910 1367 942 doctoribus
1385 909 1448 941 ad-

241 956 432 989 hibendam
452 967 544 994 esse,
564 962 604 988 ut
621 957 776 999 adparet
794 968 811 988 e
831 955 939 989 Pauli
961 955 1130 998 epistolis
1149 954 1408 999 pastoralibus.

184 1026 191 1035 .
210 1005 262 1035 17.
290 1002 409 1035 Parva
428 1003 618 1041 submisse,
646 1004 786 1036 modica
803 1006 1026 1045 temperate,
1054 1014 1182 1044 magna
1199 1002 1388 1044 granditer
1405 1003 1447 1034 ab

239 1047 432 1090 eloquente
452 1048 605 1081 dicenda
623 1060 714 1081 esse.

183 1121 190 1127 .
211 1098 264 1127 18.
293 1095 482 1127 Oratorem
503 1094 753 1127 Christianum
770 1096 807 1127 in
824 1095 933 1128 rebus
949 1095 1088 1136 magnis
1105 1105 1250 1137 semper
1267 1095 1417 1126 vei-sari.

183 1168 191 1175 .
211 1143 264 1174 19.
293 1140 364 1173 Sed
382 1142 600 1173 submissum
619 1142 765 1174 dicendi
785 1153 895 1182 genus
913 1142 1107 1174 convenire
1127 1141 1283 1179 docenti,
1309 1145 1449 1182 tempe-

238 1189 356 1220 ratum
374 1184 554 1227 laudanti,
581 1189 716 1225 grande
736 1188 961 1220 exhortanti.

183 1258 190 1265 .
208 1236 263 1266 20.
291 1233 475 1275 Exempla
492 1233 653 1276 triplicis
673 1234 815 1266 dicendi
837 1235 981 1275 generis
999 1245 1017 1266 e
1034 1232 1154 1266 literis
1173 1233 1284 1265 sacris
1304 1233 1433 1275 petita.

184 1305 191 1312 .
210 1283 264 1312 21.
290 1279 476 1322 Exempla
499 1291 547 1312 ex
574 1281 784 1313 doctoribus
808 1279 1070 1313 ecclesiasticis
1097 1279 1284 1322 Cypriane
1311 1283 1346 1311 et
1364 1279 1449 1311 Am-

236 1327 373 1358 brosio.

183 1397 190 1405 .
208 1376 263 1404 22.
293 1372 467 1404 Omnibus
488 1373 682 1413 generibus
698 1373 909 1405 variandam
929 1383 1008 1405 esse
1029 1372 1234 1405 dictionem.

184 1421 264 1452 .23.
292 1419 368 1456 Quo
388 1419 493 1450 modo
512 1419 697 1451 miscenda
715 1420 788 1451 sint
808 1419 980 1451 dictionis
1000 1429 1143 1460 genera.

184 1490 191 1497 .
210 1468 264 1498 24.
294 1464 442 1497 Grande
462 1465 605 1497 dicendi
627 1476 737 1506 genus
756 1465 842 1507 quid
863 1466 1012 1497 efficiat.

185 1535 192 1543 .
211 1514 267 1544 25.
296 1511 560 1553 Temperatum
582 1512 725 1544 dicendi
745 1523 855 1553 genus
875 1523 942 1552 quo
962 1511 1066 1542 modo
1087 1511 1135 1542 sit
1153 1508 1411 1542 adhibendum.

185 1582 190 1589 .
210 1560 265 1590 26.
291 1556 334 1589 In
353 1558 479 1599 quovis
500 1557 643 1589 dicendi
660 1569 790 1598 genere
808 1558 843 1589 id
863 1561 946 1599 agat
963 1560 1104 1595 orator,
1129 1560 1170 1589 ut
1186 1554 1449 1596 intelligenter,

239 1603 413 1641 libenter,
439 1604 654 1635 obedienter
672 1604 852 1636 audiatur.

183 1675 189 1681 .
210 1652 265 1682 27.
292 1650 461 1690 Magnum
481 1650 624 1691 pondus
644 1649 773 1683 habere
790 1653 900 1682 vitam
921 1649 1089 1681 dicentis.

183 1721 190 1728 .
209 1698 263 1728 28.
291 1694 453 1727 Veritati
474 1697 585 1736 magis
603 1697 820 1728 studendum
840 1707 943 1737 quam
961 1696 1096 1727 verbis.

181 1745 260 1775 .29.
290 1742 357 1779 Qui
378 1742 531 1774 dicendo
551 1753 620 1774 non
636 1743 826 1774 admodum
845 1741 939 1774 vaiet
953 1766 960 1777 ,
987 1742 1168 1773 defectum
1189 1740 1366 1772 orationis
1394 1740 1448 1771 in-

238 1789 411 1828 tegritate
429 1788 525 1820 vitae
544 1792 766 1830 compenset,
785 1792 821 1820 et
834 1789 876 1821 ab
897 1786 981 1820 aliis
999 1791 1116 1820 sumat
1134 1785 1348 1829 eloquenter
1365 1796 1447 1819 con-

238 1835 426 1875 scriptum.

183 1905 190 1912 .
210 1884 263 1914 30.
289 1878 477 1912 Auxilium
498 1879 656 1911 divinum
678 1880 819 1912 dicturo
839 1879 1118 1922 implorandum.

182 1951 190 1959 .
209 1930 264 1960 31.
289 1927 498 1959 Excusatur
516 1927 639 1968 operis
657 1925 846 1967 longitudo
861 1932 897 1959 et
916 1927 993 1959 Deo
1011 1927 1149 1967 gratiae
1167 1935 1332 1967 aguntur.
