1503 2465
124 108 178 146 84
485 103 722 144 AURELII
751 102 1069 143 AUGUST1N1

123 191 282 231 taliter
299 195 452 229 essent
468 187 767 240 intelligenda
785 187 1023 236 nescirent,
1047 201 1180 227 unum
1198 194 1347 228 tamen
1366 188 1429 229 di-

127 247 331 286 dicerant
351 245 555 284 venerari
576 250 807 282 aeternum
824 242 1014 292 Deum),
1040 249 1130 282 tam
1151 255 1338 296 capaces
1357 256 1431 284 ex-

127 303 342 342 stiterunt
366 300 551 352 spiritus
587 298 758 346 sancti,
795 304 843 336 ut
877 299 1025 337 omnia
1060 311 1140 337 sua
1168 300 1432 349 venderent,

132 367 377 408 eorumque
405 355 595 408 pretium
622 354 930 405 indigentibus
951 353 1308 394 distribuendum
1332 361 1435 395 ante

131 413 442 465 apostolorum
463 409 602 462 pedes
622 414 842 461 ponerent
857 411 915 458 ¹),
951 421 1088 461 seque
1113 415 1238 449 totos
1259 410 1436 449 dedica-

130 475 232 508 rent
249 467 348 506 Deo
366 472 592 518 tamquam
619 464 833 516 templum
857 478 1040 511 novum,
1078 467 1203 504 cuius
1229 472 1436 505 terrenae

133 523 343 576 imagini,
377 520 463 560 hoc
491 527 582 569 est,
616 520 782 572 templo
804 520 971 567 reteri,
1007 520 1276 561 serviebant.
1337 520 1438 560 Non

135 579 251 618 enim
287 577 372 617 hoc
404 577 519 615 ullas
554 576 773 615 eeclesias
808 576 1006 627 gentium
1032 575 1199 615 fecisse
1224 576 1438 628 scriptum

136 642 220 683 est,
250 634 354 686 quia
371 645 460 671 non
479 637 569 670 tam
590 643 728 683 prope
746 631 917 670 inventi
938 636 1079 680 erant,
1106 631 1183 684 qui
1199 632 1442 671 simulacra

135 703 265 729 manu
287 688 406 727 facta
425 688 534 727 deos
554 685 790 725 habebant.

192 745 238 783 C.
268 743 359 783 Vll.
419 743 476 781 Et
500 744 537 781 si
565 743 741 795 quando
765 741 905 794 aliqui
929 754 1082 782 eorum
1106 742 1186 781 illa
1215 748 1441 795 tamquam

136 801 266 854 signa
283 799 573 852 interpretari
596 797 899 847 conabantur,
935 798 990 837 ad
1014 803 1264 837 creaturam
1291 798 1441 838 colen-

138 856 238 895 dam
261 853 648 905 venerandamque
683 851 956 892 referebant.
1025 853 1142 901 Quid
1179 855 1296 893 enim
1332 852 1443 894 mihi

137 911 344 963 prodest,
390 909 703 957 simulacrum,
745 908 869 947 verbi
917 909 1083 961 gratia,
1120 907 1319 961 Neptuni
1351 921 1442 949 non

136 969 282 1018 ipsum
302 964 552 1005 babendum
572 964 722 1012 deum,
749 963 828 1003 sed
849 975 902 1003 eo
922 963 1165 1017 significari
1186 965 1441 1004 universum

137 1034 276 1071 mare,
304 1022 377 1060 vel
396 1021 531 1059 etiam
550 1031 704 1059 omnes
725 1031 862 1071 aquas
884 1025 1079 1067 ceteras,
1110 1032 1222 1072 quae
1241 1019 1442 1060 fontibus

143 1076 385 1130 proruunt!
418 1075 544 1116 Sicut
562 1088 587 1114 a
607 1074 799 1127 quodam
819 1077 954 1127 po'eta
969 1077 1008 1125 2)
1028 1075 1209 1115 illorum
1230 1075 1443 1116 describi-2

140 1142 228 1181 tur,
257 1133 292 1172 si
314 1132 428 1171 bene
448 1131 620 1180 recolo,
646 1131 711 1170 ita
729 1130 928 1170 dicente:

197 1217 288 1264 Tu,
315 1214 522 1268 Neptune
541 1221 689 1267 pater,
719 1214 790 1253 cui
808 1219 1013 1266 tempora
1031 1226 1142 1253 cana
1160 1216 1359 1267 crepanti

199 1272 357 1311 Cincta
374 1271 470 1310 salo
489 1275 725 1318 resonant,
756 1282 942 1322 magnus
962 1270 1030 1309 cui
1052 1275 1236 1323 perpete
1254 1277 1404 1309 mento

197 1326 392 1366 Profluit
413 1326 642 1375 Oceanus,
668 1330 712 1365 et
730 1324 912 1365 flumina
931 1325 1127 1365 crinibus
1149 1331 1312 1365 errant.

140 1411 269 1451 Haec
293 1410 458 1462 siliqua
478 1410 596 1449 inter
623 1409 753 1448 dulce
772 1409 1013 1448 tectorium
1031 1413 1242 1449 sonantes
1263 1408 1447 1461 lapillos

142 1467 301 1520 quatit.
360 1466 462 1505 Non
486 1471 554 1504 est
577 1471 724 1504 autem
752 1463 1003 1514 hominum,
1030 1465 1109 1505 sed
1129 1476 1369 1516 porcorum
1388 1464 1447 1503 ci-

140 1523 239 1562 bus.
299 1519 436 1561 Novit
470 1520 574 1573 qaid
608 1521 775 1569 dicam,
817 1521 888 1573 qui
927 1521 1211 1573 evangelium
1247 1520 1385 1559 novit.
1405 1519 1447 1569 3)

144 1577 261 1625 Quid
292 1589 400 1629 ergo
425 1575 533 1615 1111111
560 1576 765 1628 prodest,
801 1575 921 1627 quod
939 1574 1136 1628 Neptuni
1161 1575 1448 1614 simulacrum

143 1633 199 1672 ad
223 1633 346 1671 illam
372 1632 749 1684 significationem
776 1630 991 1680 refertur,
1020 1631 1106 1670 nisi
1130 1629 1248 1670 forte
1274 1636 1322 1670 ut
1341 1643 1446 1670 neu-

141 1695 260 1727 trum
280 1687 424 1727 colam
434 1686 450 1725 ’ἐ
483 1688 593 1726 Tam
615 1688 730 1726 enim
749 1685 857 1724 1111111
877 1692 1025 1725 statua
1043 1686 1290 1738 quaelibet,
1316 1698 1448 1739 quam

142 1755 266 1783 mare
288 1743 559 1791 universum,
579 1754 667 1781 non
686 1748 755 1781 est
772 1741 911 1781 Deus.
960 1741 1128 1780 Fateor
1145 1747 1293 1781 tamen
1313 1742 1446 1780 altius

146 1800 379 1838 demersos
419 1809 541 1847 esse,
581 1797 656 1849 qui
696 1809 834 1848 opera
872 1795 1098 1836 hominum
1133 1797 1243 1836 deos
1276 1803 1446 1848 putant,

147 1867 277 1906 quam
301 1854 376 1906 qui
401 1864 538 1904 opera
556 1852 656 1892 Dei.
717 1853 805 1892 Sed
830 1852 960 1892 nobis
984 1866 1096 1891 unus
1122 1852 1376 1905 diligendus
1404 1857 1450 1892 et

146 1909 364 1949 colendus
401 1908 524 1947 Deus
560 1908 852 1960 praecipitur,
888 1908 963 1959 qui
994 1907 1106 1946 fecit
1139 1906 1250 1946 haec
1285 1908 1447 1955 omnia,

148 1977 336 2017 quorum
355 1964 423 2003 illi
442 1964 681 2002 simulacra
698 1970 980 2011 venerantur,
996 1962 1069 2001 vel
1082 1968 1305 2015 tamquam
1321 1962 1448 2011 deos,

146 2021 219 2059 vei
251 2026 475 2072 tamquam
509 2019 638 2070 signa
674 2023 718 2057 et
752 2018 972 2070 imagines
998 2018 1197 2057 deorum.
1259 2017 1305 2057 Si
1338 2029 1447 2070 ergo

148 2078 324 2128 signum
341 2075 514 2114 utiliter
527 2075 778 2114 institutum
798 2085 877 2126 pro
893 2073 991 2126 ipsa
1004 2085 1051 2113 re
1067 2074 1210 2127 sequi,
1223 2074 1295 2113 cui
1311 2073 1449 2126 signi-

199 2197 230 2231 1)
254 2195 312 2227 (Jl'.
332 2194 411 2226 Act.
431 2198 462 2226 4.
482 2197 534 2227 34.
555 2206 600 2227 ss.
650 2199 685 2232 2)
709 2194 921 2228 Claudiano.
971 2195 1008 2237 3)
1029 2193 1086 2226 Cf.
1111 2193 1193 2226 Luc.
1215 2195 1265 2231 15,
1286 2194 1325 2225 16
