1503 2465
106 118 185 156 120
463 116 703 158 AURELII
731 117 1049 159 AUGUSTI-Nl

105 200 236 248 tium,
262 199 361 239 sed:
399 198 632 240 Multitudo
649 200 908 254 sapientimn
924 203 1088 245 sanitas
1107 212 1171 245 est
1189 206 1303 246 orbis
1329 214 1411 247 ter-

105 268 269 294 rarum.
290 257 328 305 ¹)
378 254 504 296 Sicut
522 263 671 295 autem
690 269 825 308 saepe.
845 261 1059 300 sumenda
1076 267 1179 301 sunt
1200 268 1244 301 et
1264 275 1416 303 amara

106 310 328 358 salubria,
358 311 423 351 ita
449 324 625 364 semper
645 312 828 352 vitanda
846 320 915 353 est
933 317 1188 368 perniciosa
1205 317 1412 359 dulcedo,

111 365 201 406 Sed
219 366 391 405 salubri
410 368 633 407 suavitate
647 398 658 417 ‚
683 367 755 408 vel
773 370 901 407 suavi
919 371 1184 412 salubritate
1204 373 1308 425 quid
1327 386 1416 413 me-

108 421 225 460 liussst
273 421 451 469 Quanto
488 423 605 462 enini
637 424 781 476 magis
813 424 908 464 illic
943 426 1169 478 adpetitur
1202 429 1415 478 suavitas,

109 483 235 516 tanto
264 476 446 518 facilius
469 478 713 518 salubritas
739 480 938 531 prodest.
1006 482 1117 522 Sunt
1139 496 1247 537 ergo
1274 485 1416 524 eccle-

108 533 285 579 siastici
302 534 406 581 viri,
437 535 510 586 qui
531 534 682 573 divina
701 535 883 587 eloquia
901 551 987 576 non
1007 539 1151 577 solum
1176 540 1417 592 sapienter,

110 588 191 627 sed
217 588 483 640 eloquenter
508 590 643 629 etiam
666 596 993 642 tractaverunt,
1030 594 1188 646 quibus
1215 596 1419 647 legendis

110 644 255 696 magis
276 657 362 684 non
383 645 548 684 sufficit
564 651 759 699 tempus,
797 659 927 699 quani
948 648 1108 689 deesse
1127 651 1214 703 ipsi
1239 651 1418 690 studen-

110 699 230 739 tibus
253 705 297 738 et
314 700 577 740 vacantibus
596 707 797 752 possunt.

168 755 215 795 C.
235 754 308 795 Vl.
367 755 456 796 Hic
475 756 637 809 aliquis
657 755 847 797 forsitan
874 760 1067 811 quaerit,
1097 766 1243 800 utrum
1267 767 1418 801 aucto-

110 822 184 850 res
204 811 369 859 nostri,
396 823 584 863 quorum
609 814 779 866 scripta
801 814 1014 854 divinitus
1043 816 1263 868 inspirata
1288 830 1419 856 cano-
1449 814 1450 818 ’
1500 820 1503 831 ”

111 879 212 906 nem
231 866 361 906 nobis
383 867 680 908 saluberrima
698 871 970 909 auctoritate
991 869 1219 920 fecerunt,
1247 873 1420 925 sapien-

110 928 180 962 tes
210 923 545 972 tantummodo,
582 936 637 962 an
673 924 938 977 eloquentes
972 928 1105 966 etiam
1139 928 1421 980 nuncupandi

113 978 215 1017 sint.
279 978 404 1026 Quae
425 978 603 1031 quidem
621 981 826 1032 quaestio
847 981 961 1033 apud
981 983 1222 1035 meipsum,
1243 990 1287 1023 et
1305 984 1421 1035 apud

114 1046 217 1082 eos,
246 1034 321 1086 qui
340 1046 513 1073 mecum
534 1035 653 1087 quod
674 1035 775 1075 dico
806 1037 1025 1086 sentiunt,
1047 1038 1262 1078 facillime
1288 1040 1421 1078 solvi-

112 1094 199 1128 tur.
261 1088 374 1129 Nam
401 1090 478 1129 ubi
503 1102 582 1129 eos
607 1091 839 1143 intelligo,
870 1105 957 1131 non
976 1094 1119 1133 solum
1141 1093 1251 1133 nihil
1271 1095 1335 1134 eis
1355 1107 1421 1133 sa-

114 1144 330 1197 pientius,
358 1157 513 1184 verum
539 1146 672 1185 etiarn
700 1146 810 1186 nihil
835 1148 1121 1200 eloquentius
1146 1149 1254 1189 mihi
1278 1150 1424 1190 videri

115 1206 279 1253 potest.
311 1201 370 1240 Et
387 1200 532 1240 audeo
553 1202 720 1250 dicere,
743 1216 896 1242 omnes
914 1205 987 1255 qui
1007 1212 1128 1245 recte
1147 1206 1423 1258 intelligunt,

116 1256 236 1308 quod
260 1256 330 1295 illi
355 1257 619 1309 loquuntur,
653 1259 782 1297 simul
811 1259 1066 1312 intelligere
1086 1274 1171 1300 non
1194 1274 1273 1301 eos
1293 1262 1425 1301 aliter

115 1312 242 1364 loqui
260 1312 485 1352 debuisse.
548 1312 675 1353 Sicut
695 1319 764 1353 est
782 1315 899 1353 enim
920 1316 1138 1368 quaedam
1165 1317 1426 1370 eloquentia

118 1379 231 1420 quae
252 1368 396 1420 magis
416 1373 611 1407 aetatem
631 1370 873 1409 iuvenilem
893 1371 1047 1421 decet,
1075 1378 1144 1412 est
1173 1385 1285 1425 quae
1309 1373 1425 1412 seni-

117 1423 219 1471 lem,
241 1436 322 1462 nee
340 1424 429 1462 iam
448 1423 639 1463 dicenda
658 1431 726 1464 est
746 1425 1020 1477 eloquentia,
1040 1428 1076 1467 si
1098 1440 1317 1481 personae
1338 1440 1427 1467 non

119 1485 341 1532 congruat
376 1480 651 1531 eloquentis:
686 1481 749 1520 ita
783 1488 852 1520 est
884 1482 1121 1534 quaedam,
1155 1497 1268 1536 quae
1304 1484 1426 1523 viros

119 1547 291 1574 sumnia
311 1536 584 1574 auctoritate.
607 1536 898 1588 dignissimos
920 1538 1137 1591 planeque
1158 1540 1333 1579 divinos
1354 1539 1427 1578 de-

121 1596 205 1629 cet.
266 1591 366 1630 Hac
390 1591 459 1630 illi
485 1591 622 1630 locuti
653 1598 777 1641 sunt,
806 1605 887 1631 nec
910 1595 1034 1645 ipsos
1057 1595 1188 1634 decet
1209 1596 1316 1642 alia,
1346 1606 1428 1634 nec

120 1646 236 1684 alios
254 1648 371 1698 ipsa3
405 1647 515 1698 ipsis
537 1647 651 1685 enini
682 1649 915 1699 congruit,
945 1649 1060 1689 alios
1087 1657 1234 1689 autem
1262 1655 1426 1702 quanto

118 1700 297 1740 videtur
321 1700 553 1751 humilior,
587 1708 712 1742 tanto
739 1703 873 1742 altius
903 1717 991 1743 non
1016 1708 1313 1752 ventositate,
1349 1705 1429 1744 sed

119 1757 353 1796 soliditate
379 1758 673 1797 transcendit.
734 1759 820 1798 Ubi
850 1773 956 1799 vero
984 1774 1074 1799 non
1099 1773 1177 1800 eos
1202 1761 1427 1813 intelligo,

118 1812 264 1851 minus
295 1814 473 1864 quidem
498 1811 602 1852 mihi
633 1814 819 1866 adparet
847 1827 1002 1855 eorum
1028 1816 1311 1869 eloquentia,
1349 1816 1429 1855 sed

120 1880 219 1906 eam
249 1875 397 1907 tamen
423 1882 510 1908 non
540 1868 696 1908 dubito
717 1882 817 1909 esse
836 1871 995 1920 talem,
1024 1872 1167 1923 qualis
1189 1878 1258 1911 est
1274 1872 1349 1911 ubi
1366 1871 1429 1910 in-

119 1924 298 1976 telligo.
373 1923 475 1974 Ipsa
516 1937 695 1976 quoque
735 1926 988 1965 obscuritas
1020 1927 1271 1967 divinorum
1313 1926 1430 1965 salu-

118 1978 353 2031 briumque
374 1980 596 2018 (lictorum
615 1981 694 2019 tali
715 1981 1002 2033 eloquentiae
1022 1983 1252 2022 miscenda
1265 1981 1427 2029 fuerat,

118 2034 163 2072 in
192 2047 278 2086 qua
303 2035 523 2086 proficere
546 2041 703 2075 noster
726 2037 984 2077 intellectus
1005 2051 1092 2077 non
1112 2038 1258 2078 solum
1278 2039 1427 2076 inven-

119 2090 269 2138 tione,
295 2102 450 2129 verum
477 2090 612 2129 etiam
633 2093 960 2133 exercitatione
980 2093 1180 2133 deberet.
1241 2093 1429 2132 Possem

172 2207 203 2249 1)
225 2206 310 2250 Sap.
329 2211 360 2245 6,
378 2210 433 2241 26.
