1503 2465
103 110 157 149 12
464 109 700 150 AURELII
731 109 1050 150 AUGUSTINI

106 198 189 232 est.
253 192 306 232 Et
331 190 417 232 hoc
446 194 520 246 qui
545 206 632 232 non
657 193 804 247 videt„
837 195 902 233 ita
927 201 996 233 est
1020 195 1146 247 quasi
1174 205 1334 233 caecus
1369 192 1411 233 in

105 249 224 297 sole,
259 249 329 287 cui
350 247 461 287 nihil
478 248 666 300 prodest
684 250 793 301 ipsis
815 249 929 289 locis
951 251 1185 289 oculorum
1206 249 1302 288 eius
1321 254 1412 288 tam

105 304 254 343 clarae
275 317 326 342 ac
345 304 598 356 praesentis
616 305 729 344 lucis
750 304 904 357 fulgor
924 305 1114 344 infusus.
1159 305 1245 352 Qui
1264 310 1415 344 autem

104 359 230 398 videt
257 366 299 398 et
318 358 510 409 refugit,
543 360 871 399 consuetudine
893 360 1146 399 umbrarum
1169 360 1414 399 carnalium

102 414 347 454 invalidam
367 414 529 454 mentis
550 416 692 454 aciem
711 418 842 466 gerit.
896 415 1143 455 Pravorum
1164 416 1301 468 igitur
1320 427 1412 454 mo-

103 480 202 508 rum
223 471 351 522 quasi
378 470 617 509 contrariis
641 469 821 510 flatibus
847 472 901 511 ab
926 473 1026 523 ipsa
1044 471 1188 523 patria
1206 483 1415 522 repercu—

102 525 275 566 tiuntur
302 524 529 573 homines,
559 527 815 578 posteriora
838 532 972 579 atque.
996 526 1215 566 inferi«.›ra
1241 532 1415 565 sectan-

104 586 188 629 tes,
213 594 343 633 quam
361 581 488 629 illud,
515 581 635 634 quod
653 593 753 621 esse
771 582 934 622 melius
953 589 1087 635 atque
1108 582 1413 634 praestantius

105 636 392 676 confitentur.

161 691 206 731 C.
227 691 282 730 X.
331 691 617 744 Quapropter
637 705 768 745 quum
788 692 868 732 illa
885 694 1073 732 veritate
1095 690 1411 745 perfruendum

104 748 177 795 sit,
213 759 325 799 quae
362 748 791 787 incommutabiliter
820 749 943 797 vivit,
979 754 1024 787 et
1056 749 1101 787 in
1133 761 1185 787 ea
1211 747 1411 786 'l'rinitas

102 802 246 850 Deus,
283 809 442 841 auctor
469 808 514 842 et
537 803 748 843 conditor
776 804 1107 853 universitatis,
1142 804 1278 842 rebus
1303 815 1411 855 quas

104 857 306 897 condidit
340 858 568 908 consulat,
613 859 921 912 purgandus
959 865 1041 899 est
1079 859 1311 907 animus,
1359 864 1413 897 ut

102 914 424 967 perspicere
458 914 609 953 illam
640 915 811 954 lucem
828 914 1028 963 valeat,
1053 920 1102 954 et
1125 912 1411 953 inhaerere

103 983 129 1023 p
144 975 439 1020 erspectae.
461 971 498 1019 ¹)
561 969 704 1018 Quam
723 971 1038 1023 purgationem
1059 969 1187 1022 quasi
1217 968 1411 1008 ambula-

103 1027 272 1064 tionem
295 1024 552 1076 quamdam,
584 1030 629 1065 et
647 1027 775 1079 quasi
794 1027 1129 1079 navigationem
1149 1025 1203 1064 ad
1222 1024 1413 1078 patriam

105 1092 205 1120 esse
227 1080 510 1119 arbitremur.
544 1080 645 1121 Non
665 1081 780 1120 enini
799 1082 853 1120 ad
875 1093 988 1129 cum,
1010 1081 1080 1134 qui
1104 1080 1268 1132 ubique
1288 1092 1413 1132 prae-

105 1148 208 1176 sens
236 1142 326 1186 est,
358 1136 473 1176 loeis
499 1148 749 1185 movemur,
784 1137 864 1176 sed
882 1136 1000 1175 bono
1021 1135 1171 1175 studio
1190 1137 1412 1188 bonisque

104 1191 320 1231 moribus.

162 1247 208 1285 C.
236 1247 311 1286 Xl.
376 1247 509 1295 Quod
532 1260 619 1287 non
648 1260 905 1300 possemus,
941 1247 1024 1286 nisi
1062 1248 1161 1299 ipsa
1192 1246 1415 1298 sapientia

104 1308 258 1342 tantae
285 1303 419 1342 ctiam
442 1307 626 1343 nostrae
657 1304 903 1342 infirmitati
931 1314 1181 1356 congruere
1208 1302 1413 1355 dignare-

104 1364 192 1407 tur,
214 1364 259 1398 ct
276 1358 457 1397 vivendi
477 1359 607 1398 nobis
628 1359 866 1412 praeberet
886 1360 1152 1410 exemplum,
1173 1372 1261 1396 non
1282 1357 1415 1396 aliter

107 1426 237 1466 quam
259 1414 303 1453 in
329 1413 532 1463 homine,
567 1415 777 1467 quoniam
814 1421 858 1453 et
892 1429 973 1453 nos
1013 1412 1216 1453 homines
1244 1425 1412 1452 sumus.

108 1469 197 1510 Sed
216 1470 320 1523 quia
337 1482 418 1509 nos
438 1482 571 1522 quum
591 1471 645 1510 ad
665 1470 785 1508 illam
808 1469 1005 1509 venimus
1019 1499 1029 1518 ,
1061 1469 1288 1520 sapienter
1305 1467 1414 1506 faci-

105 1538 223 1574 mus,
248 1525 346 1578 ipsa
365 1538 499 1577 quum
518 1525 574 1564 ad
593 1538 675 1565 nos
694 1526 838 1573 venit,
863 1524 917 1564 ab
937 1523 1190 1564 hominibus
1209 1523 1413 1576 superbis

108 1580 236 1634 quasi
276 1581 412 1620 stulte
434 1580 601 1620 fecisse
640 1587 796 1634 putata
840 1587 922 1620 est.
990 1580 1048 1619 Et
1081 1579 1291 1632 quoniam
1330 1591 1413 1617 nos

107 1649 240 1689 quum
266 1636 320 1675 ad
342 1636 466 1676 illam
492 1638 714 1684 venimus,
750 1636 1128 1683 convalescimus,
1163 1635 1262 1687 ipsa
1280 1647 1412 1687 quum

107 1692 161 1731 ad
181 1704 262 1730 nos
285 1692 422 1738 venit,
443 1692 571 1745 quasi
590 1692 765 1731 infirma
785 1692 1041 1731 existimata
1062 1696 1144 1729 est.
1194 1689 1283 1730 Sed
1303 1688 1417 1742 quod

105 1747 281 1786 stultam
307 1753 369 1786 est
389 1744 494 1796 Dei,
525 1746 762 1800 sapientius
781 1754 844 1786 est
860 1745 1123 1794 hominibus,
1157 1752 1200 1784 et
1217 1744 1333 1797 qnod
1348 1743 1411 1784 in-

94 1801 278 1855 firmum
297 1810 359 1841 est
376 1800 473 1851 Dei,
488 1801 661 1857 fortias
686 1810 748 1842 esl‘
764 1801 1073 1851 lcominiluwfi)
1136 1800 1280 1848 Quum
1303 1812 1412 1853 ergo

105 1858 205 1911 ipsa
224 1859 281 1897 sit
300 1859 459 1910 patria,
474 1859 590 1897 viam
609 1871 656 1898 se
677 1870 854 1911 quoque
869 1857 999 1897 nobis
1014 1856 1125 1896 fecit
1139 1856 1194 1894 ad
1208 1856 1412 1908 patriam.

165 1914 210 1952 C.
230 1913 326 1952 Xll.
388 1912 444 1953 Et
463 1927 596 1966 quum
615 1926 724 1953 sano
745 1921 789 1953 et
809 1926 919 1965 puro
939 1911 1148 1952 interiori
1168 1911 1298 1950 oculo
1320 1910 1413 1950 ubi-

107 1981 192 2021 que
211 1971 270 2009 sit
290 1981 523 2021 praesens,
552 1981 727 2017 eorum,
757 1969 828 2021 qui
851 1968 1027 2007 oculum
1049 1967 1172 2006 illum
1190 1966 1413 2005 infirmum

105 2024 467 2077 immundumque
487 2023 827 2074 habent‚oculis
847 2025 981 2064 etiam
1001 2023 1175 2064 carneis
1195 2022 1412 2074 adparere

155 2160 189 2196 lp)
209 2157 357 2194 „Enim
379 2157 571 2191 inhaerere
583 2157 765 2203 perfecte.
798 2155 1014 2197 Elegantius
1035 2156 1141 2188 Mssa
1158 2159 1412 2198 perspectae.“

106 2199 164 2235 Ita
182 2202 272 2236 bene
285 2204 371 2236 Ben.
390 2205 445 2237 De
464 2205 658 2248 scriptoris
677 2205 861 2237 sententia
873 2202 920 2235 cf.
932 2203 1020 2235 Mat.
1033 2204 1107 2240 5,8.
1134 2202 1171 2244 2)
1188 2205 1200 2233 l
1216 2201 1299 2233 Cor.
1317 2204 1343 2239 Ι,
1357 2203 1411 2233 25.
