1503 2465
99 82 179 122 248
456 80 694 121 AURELII
723 80 1041 122 AUGUSTINI

101 178 202 205 num
229 165 282 204 da
308 164 430 204 nobis
456 163 614 212 hodie5
652 171 695 203 et
718 163 884 204 dimitte
910 164 1031 204 nobis
1068 164 1211 204 debita
1243 171 1408 213 nostra,

98 221 209 260 sicut
234 227 275 259 et
300 233 375 259 nos
406 219 661 259 dimittimus
687 219 950 260 debitoribus
979 220 1169 268 nostris;
1201 226 1242 259 et
1263 234 1315 259 ne
1334 232 1410 259 nos

96 275 266 332 inferas
293 275 338 314 in
364 274 667 323 tentationem,
699 276 774 314 sed
802 274 937 314 libera
972 289 1047 314 uos
1074 289 1100 315 α
1128 276 1269 323 malo;
1309 277 1408 327 quis

99 346 187 371 non
223 331 374 370 videat
405 330 461 370 ad
499 331 750 383 praesentis
783 331 901 369 vitae
936 330 1231 384 indigentiam
1274 331 1408 383 perti-

99 386 234 427 nere?
263 386 311 425 ln
331 386 410 425 illa
426 386 579 438 itaque
598 386 689 424 vita
710 390 908 434 aeterna,
928 386 999 424 ubi
1021 401 1101 425 nos
1121 398 1297 440 semper
1312 398 1410 438 spe-

97 455 246 482 ramus
272 441 468 490 futuros,
508 446 551 479 et
579 441 773 480 nominis
798 440 883 479 Dei
915 443 1237 491 sanctificatio,
1273 447 1318 480 et
1341 453 1409 481 re·

98 511 233 552 gnum
253 498 370 544 eius,
400 502 445 535 et
462 496 671 535 voluntas
692 497 787 535 eius
806 498 1026 536 innostro
1054 498 1214 549 spiritu
1241 502 1284 536 et
1312 509 1410 536 cor-

96 565 207 608 pore
223 551 423 605 perfecte
437 557 570 604 atque
584 552 900 591 immortaliter
915 554 1248 604 pei-manebunt.
1274 552 1410 591 Panis

96 622 205 648 vero
227 608 484 648 cotidianus
503 607 606 646 ideo
628 606 774 646 dictus
795 612 876 655 est,
901 608 1004 659 quia
1026 607 1095 647 hic
1114 614 1183 648 est
1201 619 1409 647 necessa-

95 666 213 713 rius,
248 668 439 716 quantus
460 665 634 702 animae
654 665 866 714 carnique
895 664 1159 703 tribuendus
1186 668 1277 711 est,
1312 663 1408 702 sive

96 720 378 773 spiritaliter,
404 719 497 757 sive
519 718 776 765 carnaliter,
803 719 896 757 sive
916 724 1110 772 utroque
1127 718 1411 772 intelligutur

95 776 246 816 modo.
307 774 396 814 Hic
421 779 490 813 est
516 775 650 813 etiam
677 786 807 825 quam
830 776 1056 826 poscimus
1078 775 1306 822 remissio,
1333 773 1410 812 ubi

97 838 168 871 est
186 829 444 871 commissio
464 834 771 883 peceat()1·uni;
792 827 862 868 hic
882 831 1170 880 tentationes,
1193 842 1307 882 quae
1326 842 1408 868 nos

97 888 151 927 ad
174 886 450 940 peccandum
471 886 542 925 vel
561 884 793 930 adficiunt,
822 886 890 924 vel
914 886 1166 939 impellunt3
1195 885 1267 925 hic
1287 884 1409 924 deni-

97 956 183 996 que
203 942 388 989 malum,
418 941 534 981 unde
554 941 755 993 cupimus
775 940 980 980 liberari:
1012 942 1108 981 illic
1128 947 1275 981 autem
1295 939 1408 980 nihil

96 1001 288 1039 istorum
309 1003 392 1036 est.

154 1056 199 1093 C.
225 1051 379 1093 CXVI.
440 1051 734 1104 Evangelista
757 1063 864 1091 vero
894 1050 1096 1102 Lucas¹)
1128 1053 1171 1092 in
1200 1052 1408 1091 oratione

98 1110 326 1150 dominica
348 1107 594 1160 petitiones
620 1120 707 1146 non
735 1112 929 1159 septem,
962 1108 1042 1147 sed
1069 1110 1264 1161 quinque
1291 1120 1409 1147 com-

96 1166 255 1220 plexus
282 1169 371 1214 est3
410 1175 492 1202 nee
519 1163 573 1202 ab
598 1163 688 1202 isto
713 1163 867 1214 utique
889 1163 1185 1215 discrepavit,
1221 1163 1301 1202 sed
1320 1175 1407 1215 quo

94 1222 232 1261 modo
251 1221 369 1259 istae
389 1224 560 1270 septem
579 1218 669 1257 sint
685 1218 1025 1271 intelligendae,
1052 1219 1150 1272 ipsa
1168 1231 1248 1258 sua
1264 1219 1409 1258 brevi-

94 1282 189 1317 tate
223 1274 512 1315 commonuit.
573 1273 747 1313 Nomen
785 1276 947 1326 quippe
980 1274 1064 1313 Dei
1102 1275 1410 1314 sanctificatur

96 1335 141 1372 in
162 1333 341 1384 spiritu3
364 1330 449 1369 Dei
470 1335 618 1369 autem
639 1341 823 1382 regnum
843 1330 887 1368 in
908 1331 1054 1369 carnis
1074 1330 1407 1369 resurrectione

94 1395 333 1428 venturum
364 1391 445 1425 est.
510 1385 763 1424 Ostendens
790 1397 899 1437 ergo
919 1385 1065 1424 Lucas
1092 1386 1270 1425 tertiam
1295 1386 1408 1438 peti-

95 1445 267 1484 tionem
289 1443 474 1482 duarum
495 1442 775 1492 superiorum
797 1453 897 1480 esse
918 1442 1110 1493 quodam
1130 1442 1263 1480 modo
1285 1453 1411 1493 repe-

95 1501 329 1547 titionem,
357 1497 501 1548 magis
526 1509 622 1535 eam
649 1496 1050 1548 praetermittendo
1071 1496 1408 1549 feeitintelligi.

97 1555 277 1593 Deinde
295 1560 387 1593 tres
408 1552 521 1591 alias
542 1552 771 1604 adiungit:
810 1553 863 1591 (le
887 1564 999 1604 pane
1030 1552 1316 1604 quotidiano,
1353 1552 1407 1590 (le

98 1610 369 1649 remissione
401 1614 712 1659 peecatorum,
742 1606 796 1646 de
822 1608 1073 1647 tentatione
1099 1607 1293 1646 vitanda.
1353 1608 1409 1647 At

98 1678 208 1705 vero
235 1665 353 1718 quod
378 1664 509 1711 ille2)
536 1663 578 1701 in
604 1662 762 1701 ultimo
788 1664 958 1714 posuit:
1012 1663 1086 1702 sed
1105 1662 1239 1702 libem
1271 1675 1346 1701 nos
1382 1674 1409 1701 a

98 1721 234 1769 malo,
272 1722 359 1759 iste
379 1731 465 1757 non
483 1718 653 1770 posuit,
688 1724 737 1756 ut
754 1718 1113 1770 intelligeremus
1133 1718 1188 1757 ad
1205 1718 1317 1756 illud
1338 1731 1408 1756 su-

99 1777 277 1830 perius,
312 1774 431 1827 quod
467 1774 520 1812 de
556 1775 808 1812 tentatione
844 1773 1010 1812 dietum
1043 1779 1132 1821 est,
1166 1774 1408 1826 pertinere.

100 1833 209 1873 ideo
238 1832 402 1885 quippe
435 1830 517 1867 ait:
549 1829 624 1867 sed
640 1828 802 1873 msera,-
834 1841 920 1867 non
940 1831 1020 1868 ait:
1042 1834 1086 1868 et
1104 1829 1265 1876 libera,
1300 1834 1408 1867 tam-

100 1901 233 1941 quam
253 1899 384 1927 unam
412 1884 677 1938 petitionem
705 1895 804 1922 esse
830 1883 1164 1923 demonstrans:
1194 1885 1285 1923 noli
1307 1883 1407 1932 hoc,

101 1943 183 1983 sed
218 1942 323 1990 hoc,
359 1947 408 1979 ut
440 1940 555 1978 sciat
587 1939 894 1991 unusquisque
926 1940 970 1978 in
1005 1952 1058 1979 eo
1095 1951 1142 1978 se
1171 1940 1354 1980 liberari
1382 1952 1409 1979 a

101 1998 244 2047 malo,
273 1997 391 2051 quod
410 2009 495 2034 non
516 1994 708 2034 infertur
726 1996 768 2034 in
789 1997 1099 2035 tentationem.

155 2176 190 2218 1)
213 2175 253 2209 C.
278 2178 327 2213 11,
352 2177 383 2206 2.
402 2184 448 2206 ss.
500 2172 811 2215 2)31att11.0,13.
