1503 2465
233 106 314 146 DE
345 105 652 147 DOCTRINA
683 104 915 146 CHRIST.
978 103 1092 143 LIB.
1124 103 1157 144 l.
1306 105 1352 143 ll

98 191 146 230 C.
166 189 285 230 V111.
344 190 401 229 Et
421 191 633 243 quoniam
656 202 824 237 omnes,
846 189 920 242 qui
941 188 995 228 de
1014 187 1115 227 Deo
1136 189 1356 241 cogitant,

41 247 189 287 vivum
209 246 379 299 aliquid
406 245 624 298 cogitant,
651 246 720 284 illi
739 245 825 285 soli
845 249 1036 298 possunt
1052 256 1143 283 non
1163 243 1359 283 absurda

45 308 90 342 et
106 302 294 355 indigna
311 302 571 341 existimare
594 302 647 341 de
666 300 787 349 Deo,
816 301 892 354 qui
911 300 1046 340 vitam
1072 301 1217 352 ipsam
1236 301 1359 352 eogi-

44 363 163 408 tant,
192 363 237 397 et
254 369 563 411 quaec-umque
585 357 675 396 illis
695 355 844 396 forma
862 356 1115 395 occurrerit
1135 355 1358 408 eorporis,

47 426 145 453 eam
174 414 265 452 vita
281 415 432 453 vivere
451 412 524 451 vel
541 425 631 451 non
650 413 802 452 vivere
822 417 1039 459 statuunt,
1072 416 1117 450 et
1136 411 1359 450 viventem

45 484 134 509 non
153 469 322 508 viventi
342 474 635 520 anteponunt,
652 480 839 520 eamque
858 469 1000 520 ipsam
1020 467 1244 506 viventem
1265 479 1361 505 eor-

46 525 170 577 poris
189 523 394 573 formam,
423 524 706 576 quantalibet
726 524 824 563 luce
845 522 1147 577 praefulgeat,
1176 530 1362 575 quanta-

46 581 159 621 libet
185 579 494 633 magnitudine
522 580 821 631 praemineat,
859 579 1142 632 quantalibet
1166 576 1362 630 pulchri-

48 637 202 676 tudine
229 641 434 684 ornetur,
470 636 594 675 aliud
623 647 723 675 esse
752 636 916 687 ipsam,
950 634 1072 674 aliud
1107 635 1242 673 vitani
1277 646 1364 685 qua

48 697 288 745 vegetatur
305 691 584 744 intelligunt,
618 703 806 744 eamque
826 691 894 729 illi
912 690 1045 739 moli,
1079 701 1192 742 quae
1212 689 1266 728 ab
1286 689 1364 728 illa

49 753 288 801 vegetatur
307 752 351 787 et
369 747 605 795 animatur,
633 747 854 799 dignitate
874 745 1219 798 incomparabili
1238 758 1364 797 prae-

49 803 213 843 ferunt.
274 803 452 843 Deinde
476 805 620 855 ipsam
646 803 783 842 vitam
809 807 1004 856 pergunt
1036 801 1283 854 inspicere,
1322 807 1366 840 et

51 862 88 899 si
109 872 208 898 eain
229 859 325 898 sine
345 871 482 898 sensu
500 863 787 911 vegetantem
810 857 1085 906 invenerint,
1120 857 1267 910 qualis
1296 860 1366 896 est

51 916 276 963 arborum,
298 919 581 967 praeponunt
602 914 644 954 ei
663 916 949 964 sentientem,
976 913 1122 966 qualis
1143 918 1213 953 est
1232 924 1364 966 peeo-

51 983 169 1020 rum,
205 977 250 1009 et
275 969 377 1009 huie
402 982 555 1009 rursus
580 970 934 1023 intelligentem,
970 969 1115 1022 qualis
1137 974 1207 1009 est
1225 967 1366 1008 homi-

51 1039 170 1066 num.
235 1026 376 1074 Quam
397 1038 530 1078 quum
551 1024 696 1066 adhuc
715 1026 977 1066 mutabilem
999 1041 1011 1063 x
1027 1025 1206 1073 iderint‚
1230 1025 1367 1064 etiam

51 1080 155 1122 huic
175 1081 368 1134 aliquam
389 1082 800 1121 incommutabilem
821 1087 1044 1134 eoguntur
1070 1092 1367 1133 praeponere,

51 1137 176 1177 illam
196 1138 371 1177 seilicet
392 1138 547 1186 vitam,
568 1150 681 1190 quae
702 1152 791 1176 non
811 1137 1053 1191 aliquando
1076 1137 1259 1189 desipit,
1288 1137 1368 1175 ali-

53 1193 231 1246 quando
255 1194 384 1246 sapit,
407 1193 487 1232 sed
507 1200 576 1232 est
595 1194 745 1245 potius
766 1195 865 1245 ipsa
884 1193 1120 1245 sapientia.
1177 1193 1367 1245 Sapiens

55 1251 173 1288 enim
191 1261 330 1297 mens,
353 1249 397 1287 id
416 1253 499 1298 est,
521 1249 684 1301 adepta
702 1249 986 1302 sapientiam,
1015 1255 1254 1302 antequam
1276 1247 1368 1287 adi-

52 1307 320 1358 pisceretur,
350 1317 438 1344 non
459 1310 556 1344 erat
575 1305 769 1356 sapiens,
829 1307 884 1344 At
905 1317 1009 1344 vero
1029 1305 1128 1358 ipsa
1145 1304 1369 1358 sapientia

56 1373 139 1400 nec
159 1360 243 1400 fuit
263 1373 468 1413 umquam
487 1360 720 1412 insipiens,
746 1373 829 1401 nec
852 1373 952 1400 esse
973 1373 1180 1413 umquam
1200 1366 1366 1412 potest.

54 1416 197 1464 Quam
221 1416 258 1455 si
283 1429 371 1454 non
398 1416 624 1465 viderent,
658 1417 780 1455 nullo
804 1416 940 1456 modo
963 1416 1097 1468 plena
1124 1416 1289 1454 fiducia
1304 1415 1367 1453 xi-

52 1478 142 1511 tam
170 1471 600 1511 ineommutabiliter
624 1473 873 1524 sapientem
910 1472 1217 1511 commutabili
1246 1472 1366 1510 witae

55 1533 398 1579 anteponerent.
467 1527 612 1579 Ipsam
648 1529 810 1580 quippe
831 1530 866 1578 ¹)
903 1528 1105 1579 regulam
1144 1527 1366 1575 veritatis,

55 1596 142 1635 qua
165 1583 288 1622 illam
315 1583 510 1622 clamant
537 1595 637 1622 esse
663 1584 918 1633 meliorem,
952 1582 1367 1622 inemnmutabilem

55 1639 228 1689 iident;
262 1651 344 1678 nec
370 1639 543 1691 uspiam
571 1639 653 1677 nisi
675 1652 810 1692 supra
827 1652 954 1678 suam
975 1644 1181 1678 naturam
1198 1639 1367 1688 vident,

56 1695 235 1746 quando
257 1693 435 1747 quidem
457 1707 504 1733 se
528 1693 677 1734 vident
694 1695 950 1735 mutabiles.

112 1751 157 1788 C.
180 1750 255 1789 lx.
304 1750 445 1789 Nemo
469 1758 537 1789 est
557 1751 672 1788 enim
690 1756 779 1789 tam
798 1750 1083 1804 impudenter
1095 1751 1135 1797 2)
1151 1750 1366 1799 insulsus,

57 1807 129 1858 qui
167 1805 304 1845 dicat:
355 1806 477 1845 Unde
513 1806 601 1844 seis
642 1807 1073 1846 incommutabiliter
1117 1807 1367 1857 sapientem

56 1862 190 1900 vitam
225 1861 427 1901 mutabili
457 1874 557 1900 esse
601 1860 952 1902 ›raeferendam'l
1001 1862 1046 1901 ld
1076 1863 1219 1913 ipsum
1248 1862 1366 1900 enim

58 1918 177 1969 quod
202 1917 476 1969 interrogat,
514 1874 628 1955 unde
656 1919 816 1966 seiam,
851 1918 1055 1957 omnibus
1088 1917 1141 1955 ad
1170 1922 1367 1956 contem-

56 1972 715 2025 plandumcommuniteratque
736 1973 1163 2013 incommutabiliter
1184 1979 1365 2025 praesto

110 2116 141 2154 l)
161 2111 246 2149 „lta
266 2113 300 2143 in
321 2112 407 2143 les.
425 2110 626 2153 plerisque,
655 2112 715 2144 ubi
737 2113 773 2144 in
792 2113 922 2146 editis:
943 2112 1063 2156 ipsum
1082 2117 1257 2156 qnnqne.“
1278 2112 1366 2144 Ben.

58 2158 94 2195 2)
115 2157 373 2236 „lnssexcusisz
410 2163 487 2191 Cam
506 2157 769 2203 intsrtalcntcr.
819 2158 863 2191 ln
881 2160 968 2192 Mss.
992 2162 1047 2191 13:
1082 2164 1153 2191 tuin
1174 2159 1366 2201 impuden-

58 2209 153 2236 ter-‘³
213 2215 269 2237 en.
