1503 2465
215 95 296 135 DE
325 60 630 135 DOCTRINA
661 93 893 134 CHRIST.
952 92 1068 137 LIB.
1098 90 1172 133 IV.
1274 89 1351 130 163

43 187 117 229 est,
137 179 223 220 nisi
237 179 296 219 ad
308 179 624 219 subversionem
641 178 920 218 audientium.
952 176 1109 230 Neque
1130 176 1246 216 enim
1265 174 1351 213 hoc

42 237 147 276 ideo
167 236 334 275 dictum
355 241 437 284 est,
460 242 506 275 ut
524 235 795 274 adversariis
814 233 1174 287 oppugnantibus
1193 232 1351 271 verita-

42 299 134 332 tem
152 290 265 331 nihil
285 305 365 330 nos
384 304 464 344 pro
484 291 674 330 veritate
691 292 905 330 dieamus.
938 289 995 328 Et
1014 290 1090 328 ubi
1111 288 1196 327 erit
1214 286 1352 340 quod,

44 361 179 401 quum
204 347 486 395 ostenderet,
517 346 663 400 qualis
691 358 792 385 esse
816 347 1055 398 episcopus
1076 345 1262 392 debeat,
1290 344 1355 381 ait

42 405 161 444 inter
179 408 333 442 cetera
353 405 409 453 ¹):
450 401 506 442 Ut
517 410 670 455 potens
689 401 805 441 sitin
823 400 1023 440 doctrina
1040 412 1161 448 sana,
1190 405 1234 438 et
1253 411 1351 437 con-

44 457 305 498 tradit-entes
331 458 624 511 redarguere?
652 457 816 498 Verbis
845 457 963 496 enim
989 454 1263 495 contendere
1284 462 1354 493 est

42 527 132 553 non
152 525 308 553 curare
326 514 552 566 quomodo
573 526 701 553 error
718 514 909 552 veritate
927 512 1146 559 vincatur,
1165 510 1246 550 sed
1265 520 1353 562 quo

41 569 178 609 modo
197 575 275 609 tua
294 569 432 609 dictio
453 569 638 608 dictioni
662 568 947 621 praeferatur
968 568 1168 607 alterius.
1208 565 1352 605 Porro

44 626 119 678 qui
138 638 226 666 non
244 626 394 664 verbis
414 625 662 673 contendit,
688 626 780 664 sive
801 624 1044 671 submisse,
1071 624 1164 662 sive
1183 627 1353 673 tempe-

42 686 161 730 rate,
189 682 283 720 sive
305 681 538 732 granditer
557 681 696 728 dieat,
724 679 771 719 id
798 680 892 732 agit
916 679 1090 728 verbis,
1119 683 1166 717 ut
1186 678 1354 716 veritas

42 741 210 790 pateat,
232 737 398 775 veritas
420 737 609 788 placeat,
626 738 792 775 veritas
810 741 1009 784 moveat,
1043 734 1252 787 quoniam
1272 744 1354 771 nec

41 794 154 845 ipsa,
177 804 291 845 quae
312 792 538 844 praecepti
560 792 659 831 finis
683 796 727 831 et
745 791 978 844 plenitudo
1000 791 1115 843 legis
1135 795 1218 836 est,
1243 790 1354 828 cari-

42 854 112 888 tas
128 848 273 897 2)ullo
293 847 426 886 modo
447 853 571 887 recta
590 860 690 886 esse
710 852 875 899 potest,
896 848 933 886 si
953 859 1007 885 ea
1025 858 1138 899 quae
1159 846 1352 897 diligun—

41 903 168 952 tui-³)
194 916 283 942 non
308 916 435 951 vera,
473 904 552 943 sed
581 902 697 942 falsa
724 908 840 942 sunt.
903 902 1030 942 Sicut
1054 908 1201 941 autem
1228 901 1354 940 cuius

42 958 276 1012 pulchrum
307 972 469 1011 corpus
496 965 540 998 et
565 958 780 998 deformis
801 963 869 998 est
887 960 1082 1007 animus,
1114 959 1258 1010 magis
1277 956 1354 994 do-

42 1015 204 1054 lendus
231 1020 322 1063 est,
358 1027 487 1068 quam
513 1015 548 1053 si
570 1014 772 1053 deforme
799 1013 987 1053 haberet
1011 1020 1056 1053 et
1073 1026 1256 1066 corpus,
1291 1013 1357 1050 ita

45 1071 119 1123 qui
140 1070 406 1123 eloquenter
425 1083 478 1109 ea
496 1083 608 1123 quae
628 1070 744 1109 falsa
764 1077 865 1108 sunt
876 1070 1043 1117 dieunt,
1063 1071 1206 1122 magis
1226 1068 1355 1107 inise-

43 1127 173 1165 randi
194 1132 309 1173 sunt,
337 1139 466 1179 quam
488 1127 522 1164 si
544 1127 653 1165 talia
672 1125 938 1166 deformiter
957 1126 1174 1165 dicerent.
1236 1123 1357 1171 Quid

46 1186 117 1221 est
134 1194 244 1234 ergo
264 1196 350 1220 non
372 1182 514 1220 solum
537 1182 822 1235 eloquenter,
851 1182 1158 1220 verumetiam
1181 1182 1355 1232 sapien-

44 1243 115 1276 ter
133 1237 298 1285 dicere,
320 1238 402 1275 nisi
424 1238 559 1276 verba
575 1239 619 1277 in
639 1238 861 1276 submisso
884 1249 1049 1287 genere
1071 1236 1353 1282 sufficientia,

45 1294 90 1331 in
110 1298 358 1345 temperato
379 1293 684 1346 splendentia,
708 1293 752 1331 in
773 1288 931 1345 grandi
949 1291 1254 1339 vehementia,
1282 1303 1355 1329 ve-

47 1350 109 1388 ris
130 1354 277 1388 tamen
300 1348 448 1396 rebus,
470 1362 577 1401 quas
597 1349 739 1388 audiri
762 1354 982 1400 oporteat,
1004 1347 1244 1387 adhibere!
1265 1346 1355 1386 Sed

48 1406 123 1456 qui
142 1410 377 1456 utrumque
397 1417 483 1443 non
505 1410 673 1456 potest,
708 1404 829 1443 dicat
846 1406 1092 1455 sapienter,
1129 1403 1247 1455 quod
1267 1416 1356 1441 non

49 1460 159 1499 dicit
175 1461 455 1512 eloquenter,
475 1461 626 1512 potius
644 1473 773 1513 quam
790 1460 910 1499 dicat
932 1460 1212 1512 eloquenter,
1236 1457 1357 1511 quod

50 1515 159 1554 dicit
176 1516 454 1566 insipienter.

106 1571 152 1609 C.
174 1570 338 1610 XXlX.
375 1571 418 1609 Si
441 1576 589 1610 autem
609 1583 662 1609 ne
682 1569 766 1610 hoc
788 1570 964 1624 quidem
983 1576 1149 1623 potest,
1169 1570 1233 1610 ita
1251 1582 1355 1610 con-

49 1632 269 1675 versetur,
296 1632 343 1665 ut
365 1640 449 1664 non
471 1627 615 1666 solum
636 1627 718 1665 sibi
740 1628 983 1679 praemium
1004 1632 1247 1678 comparet,
1275 1625 1357 1665 sed

51 1682 185 1720 etiam
205 1682 420 1733 praebeat
437 1682 537 1720 aliis
557 1683 830 1734 exemplum,
859 1690 903 1722 et
922 1685 980 1722 sit
1008 1683 1103 1721 eius
1129 1683 1256 1734 quasi
1282 1693 1355 1720 co-

50 1738 125 1789 pia
154 1737 333 1776 dicendi
358 1736 504 1776 fornia
528 1738 718 1777 vivendi.
788 1737 900 1779 Sunt
923 1751 1028 1777 sane
1055 1738 1253 1790 quidam,
1282 1739 1358 1790 qui

0 1825 1 1831 ,
49 1793 165 1832 bene
185 1795 475 1844 promintiare
496 1800 703 1845 possunt3
738 1795 842 1846 quid
872 1801 1018 1833 autem
1049 1794 1353 1846 pronuntient,

53 1851 314 1901 excogitare
350 1860 434 1887 non
471 1854 673 1901 possunt.
735 1850 865 1898 Quod
900 1851 934 1888 si
971 1849 1024 1888 ab
1054 1849 1156 1889 aliis
1181 1853 1358 1888 sumant

53 1904 320 1956 eloquenter
337 1905 653 1957 sapienterque
675 1907 995 1957 conscriptum,
1022 1905 1354 1955 memoriaeque

53 1959 386 2007 commendent,
419 1966 552 2013 atque
578 1960 633 1999 ad
656 1961 867 2012 populum
902 1960 1152 2012 proferant,
1188 1960 1223 1998 si
1260 1972 1356 1998 ean·

52 2027 290 2067 personam
318 2021 498 2068 gerunt,
534 2028 621 2055 non
647 2017 848 2069 improbe
877 2016 1061 2056 faciunt.
1125 2016 1198 2056 Sic
1225 2017 1356 2063 enim,

104 2142 138 2183 l)
159 2141 237 2174 Tit.
271 2147 305 2179 l,
332 2145 364 2175 9.
414 2143 451 2184 2)
473 2142 531 2175 Cf.
552 2147 566 2175 l
588 2142 686 2175 Tim.
709 2148 736 2182 l,
761 2146 790 2176 5.
817 2147 853 2176 et
871 2143 971 2177 Rom.
996 2148 1044 2182 13,
1067 2148 1117 2175 lo.
1166 2144 1202 2186 3)
1233 2144 1293 2176 Er.
1322 2150 1358 2176 et

58 2188 153 2222 cah:
178 2188 361 2222 dicuntur.

1012 2245 1090 2285 112
