<?xml version="1.0" encoding="UTF-8"?>
<!DOCTYPE html PUBLIC "-//W3C//DTD XHTML 1.0 Transitional//EN"
    "http://www.w3.org/TR/xhtml1/DTD/xhtml1-transitional.dtd">
<html xmlns="http://www.w3.org/1999/xhtml" xml:lang="en" lang="en">
 <head>
  <title>
</title>
<meta http-equiv="Content-Type" content="text/html;charset=utf-8" />
  <meta name='ocr-system' content='tesseract 3.04.00' />
  <meta name='ocr-capabilities' content='ocr_page ocr_carea ocr_par ocr_line ocrx_word'/>
</head>
<body>
  <div class='ocr_page' id='page_1' title='image "./dedoctrinachrist00augu_0222.png"; bbox 0 0 1503 2465; ppageno 0'>
   <div class='ocr_carea' id='block_1_1' title="bbox 138 60 1081 132">
    <p class='ocr_par' dir='ltr' id='par_1_1' title="bbox 138 60 1081 132">
     <span class='ocr_line' id='line_1_1' title="bbox 138 60 1081 132; baseline -0.008 0"><span class='ocrx_word' id='word_1_1' title='bbox 138 91 219 132; x_wconf 70' lang='lat'>134</span> <span class='ocrx_word' id='word_1_2' title='bbox 495 60 731 128; x_wconf 53' lang='lat' dir='ltr'>Annmqn</span> <span class='ocrx_word' id='word_1_3' title='bbox 759 84 1081 126; x_wconf 74' lang='lat' dir='ltr'><strong>AUGUSTINI</strong></span> 
     </span>
    </p>
   </div>
   <div class='ocr_carea' id='block_1_2' title="bbox 137 169 1503 2114">
    <p class='ocr_par' dir='ltr' id='par_1_2' title="bbox 137 169 1449 448">
     <span class='ocr_line' id='line_1_2' title="bbox 137 169 1445 230; baseline -0.005 -15"><span class='ocrx_word' id='word_1_4' title='bbox 137 188 218 230; x_wconf 89' lang='lat' dir='ltr'>per</span> <span class='ocrx_word' id='word_1_5' title='bbox 245 186 373 228; x_wconf 88' lang='lat' dir='ltr'>quam</span> <span class='ocrx_word' id='word_1_6' title='bbox 399 184 549 211; x_wconf 84' lang='lat' dir='ltr'>veram</span> <span class='ocrx_word' id='word_1_7' title='bbox 577 176 833 224; x_wconf 77' lang='lat' dir='ltr'>certamque</span> <span class='ocrx_word' id='word_1_8' title='bbox 863 171 917 210; x_wconf 90' lang='lat' dir='ltr'>ad</span> <span class='ocrx_word' id='word_1_9' title='bbox 944 176 1171 209; x_wconf 79' lang='lat' dir='ltr'>aeternam</span> <span class='ocrx_word' id='word_1_10' title='bbox 1207 169 1445 209; x_wconf 89' lang='lat' dir='ltr'>beatitudi-</span> 
     </span>
     <span class='ocr_line' id='line_1_3' title="bbox 138 226 1446 276; baseline -0.006 -5"><span class='ocrx_word' id='word_1_11' title='bbox 138 244 239 271; x_wconf 89' lang='lat' dir='ltr'>nem</span> <span class='ocrx_word' id='word_1_12' title='bbox 265 229 514 276; x_wconf 78' lang='lat' dir='ltr'>tendimus,</span> <span class='ocrx_word' id='word_1_13' title='bbox 550 227 603 265; x_wconf 88' lang='lat' dir='ltr'>ab</span> <span class='ocrx_word' id='word_1_14' title='bbox 627 239 680 268; x_wconf 85' lang='lat' dir='ltr'>ea</span> <span class='ocrx_word' id='word_1_15' title='bbox 705 233 853 265; x_wconf 89' lang='lat' dir='ltr'>tamen</span> <span class='ocrx_word' id='word_1_16' title='bbox 871 226 1055 265; x_wconf 87' lang='lat' dir='ltr'>miseria</span> <span class='ocrx_word' id='word_1_17' title='bbox 1075 239 1160 265; x_wconf 90' lang='lat' dir='ltr'>non</span> <span class='ocrx_word' id='word_1_18' title='bbox 1182 226 1366 273; x_wconf 87' lang='lat' dir='ltr'>absunt,</span> <span class='ocrx_word' id='word_1_19' title='bbox 1400 226 1446 264; x_wconf 91' lang='lat' dir='ltr'>in</span> 
     </span>
     <span class='ocr_line' id='line_1_4' title="bbox 140 280 1449 340; baseline -0.006 -14"><span class='ocrx_word' id='word_1_20' title='bbox 140 299 228 340; x_wconf 88' lang='lat' dir='ltr'>qua</span> <span class='ocrx_word' id='word_1_21' title='bbox 259 283 404 324; x_wconf 85' lang='lat' dir='ltr'>adhuc</span> <span class='ocrx_word' id='word_1_22' title='bbox 439 295 604 322; x_wconf 87' lang='lat' dir='ltr'>sumus.</span> <span class='ocrx_word' id='word_1_23' title='bbox 664 281 801 321; x_wconf 85' lang='lat' dir='ltr'>Nullo</span> <span class='ocrx_word' id='word_1_24' title='bbox 834 282 969 320; x_wconf 89' lang='lat' dir='ltr'>modo</span> <span class='ocrx_word' id='word_1_25' title='bbox 997 281 1158 334; x_wconf 80' lang='lat' dir='ltr'>quippe</span> <span class='ocrx_word' id='word_1_26' title='bbox 1186 280 1449 320; x_wconf 86' lang='lat' dir='ltr'>falleremur</span> 
     </span>
     <span class='ocr_line' id='line_1_5' title="bbox 139 336 1449 392; baseline -0.005 -11"><span class='ocrx_word' id='word_1_27' title='bbox 139 349 233 382; x_wconf 91' lang='lat' dir='ltr'>tum</span> <span class='ocrx_word' id='word_1_28' title='bbox 252 341 404 392; x_wconf 85' lang='lat' dir='ltr'>aliquo</span> <span class='ocrx_word' id='word_1_29' title='bbox 425 339 497 378; x_wconf 78' lang='lat' dir='ltr'>vel</span> <span class='ocrx_word' id='word_1_30' title='bbox 515 337 651 376; x_wconf 86' lang='lat' dir='ltr'>animi</span> <span class='ocrx_word' id='word_1_31' title='bbox 670 337 741 376; x_wconf 90' lang='lat' dir='ltr'>vel</span> <span class='ocrx_word' id='word_1_32' title='bbox 759 337 964 389; x_wconf 84' lang='lat' dir='ltr'>corporis</span> <span class='ocrx_word' id='word_1_33' title='bbox 983 348 1142 386; x_wconf 87' lang='lat' dir='ltr'>sensu,</span> <span class='ocrx_word' id='word_1_34' title='bbox 1173 338 1212 376; x_wconf 90' lang='lat' dir='ltr'>si</span> <span class='ocrx_word' id='word_1_35' title='bbox 1229 336 1315 375; x_wconf 89' lang='lat' dir='ltr'>iam</span> <span class='ocrx_word' id='word_1_36' title='bbox 1340 347 1449 375; x_wconf 70' lang='lat' dir='ltr'>vera</span> 
     </span>
     <span class='ocr_line' id='line_1_6' title="bbox 138 391 1118 448; baseline -0.005 -11"><span class='ocrx_word' id='word_1_37' title='bbox 138 398 222 437; x_wconf 85' lang='lat' dir='ltr'>illa</span> <span class='ocrx_word' id='word_1_38' title='bbox 238 401 372 448; x_wconf 86' lang='lat' dir='ltr'>atque</span> <span class='ocrx_word' id='word_1_39' title='bbox 390 393 593 447; x_wconf 85' lang='lat' dir='ltr'>perfecta</span> <span class='ocrx_word' id='word_1_40' title='bbox 613 392 833 432; x_wconf 85' lang='lat' dir='ltr'>felicitate</span> <span class='ocrx_word' id='word_1_41' title='bbox 851 391 1118 432; x_wconf 71' lang='lat' dir='ltr'><strong>frueremur.</strong></span> 
     </span>
    </p>

    <p class='ocr_par' dir='ltr' id='par_1_3' title="bbox 138 444 1503 2114">
     <span class='ocr_line' id='line_1_7' title="bbox 196 444 1448 491; baseline -0.006 0"><span class='ocrx_word' id='word_1_42' title='bbox 196 452 242 491; x_wconf 90' lang='lat' dir='ltr'>C.</span> <span class='ocrx_word' id='word_1_43' title='bbox 263 450 405 490; x_wconf 88' lang='lat' dir='ltr'>XXII.</span> <span class='ocrx_word' id='word_1_44' title='bbox 467 449 610 488; x_wconf 90' lang='lat' dir='ltr'>Porro</span> <span class='ocrx_word' id='word_1_45' title='bbox 631 454 779 488; x_wconf 89' lang='lat' dir='ltr'>autem</span> <span class='ocrx_word' id='word_1_46' title='bbox 801 459 932 487; x_wconf 91' lang='lat' dir='ltr'>omne</span> <span class='ocrx_word' id='word_1_47' title='bbox 950 447 1231 487; x_wconf 79' lang='lat' dir='ltr'>mendacium</span> <span class='ocrx_word' id='word_1_48' title='bbox 1256 446 1358 486; x_wconf 87' lang='lat' dir='ltr'>ideo</span> <span class='ocrx_word' id='word_1_49' title='bbox 1385 444 1448 483; x_wconf 88' lang='lat' dir='ltr'>di·</span> 
     </span>
     <span class='ocr_line' id='line_1_8' title="bbox 141 500 1448 557; baseline -0.008 -9"><span class='ocrx_word' id='word_1_50' title='bbox 141 508 332 548; x_wconf 87' lang='lat' dir='ltr'>cendum</span> <span class='ocrx_word' id='word_1_51' title='bbox 359 511 429 545; x_wconf 90' lang='lat' dir='ltr'>est</span> <span class='ocrx_word' id='word_1_52' title='bbox 452 516 551 544; x_wconf 85' lang='lat' dir='ltr'>esse</span> <span class='ocrx_word' id='word_1_53' title='bbox 582 509 839 557; x_wconf 88' lang='lat' dir='ltr'>peccatum,</span> <span class='ocrx_word' id='word_1_54' title='bbox 874 503 979 555; x_wconf 87' lang='lat' dir='ltr'>quia</span> <span class='ocrx_word' id='word_1_55' title='bbox 1013 501 1145 542; x_wconf 89' lang='lat' dir='ltr'>homo</span> <span class='ocrx_word' id='word_1_56' title='bbox 1181 515 1268 540; x_wconf 89' lang='lat' dir='ltr'>non</span> <span class='ocrx_word' id='word_1_57' title='bbox 1302 500 1448 541; x_wconf 87' lang='lat' dir='ltr'>solum</span> 
     </span>
     <span class='ocr_line' id='line_1_9' title="bbox 141 556 1447 618; baseline -0.007 -14"><span class='ocrx_word' id='word_1_58' title='bbox 141 564 319 618; x_wconf 86' lang='lat' dir='ltr'>quando</span> <span class='ocrx_word' id='word_1_59' title='bbox 340 562 426 601; x_wconf 88' lang='lat' dir='ltr'>scit</span> <span class='ocrx_word' id='word_1_60' title='bbox 443 562 540 613; x_wconf 87' lang='lat' dir='ltr'>ipse</span> <span class='ocrx_word' id='word_1_61' title='bbox 560 559 665 613; x_wconf 89' lang='lat' dir='ltr'>quid</span> <span class='ocrx_word' id='word_1_62' title='bbox 686 571 838 598; x_wconf 81' lang='lat' dir='ltr'>verum</span> <span class='ocrx_word' id='word_1_63' title='bbox 858 559 931 607; x_wconf 89' lang='lat' dir='ltr'>sit,</span> <span class='ocrx_word' id='word_1_64' title='bbox 959 558 1038 597; x_wconf 88' lang='lat' dir='ltr'>sed</span> <span class='ocrx_word' id='word_1_65' title='bbox 1060 559 1192 597; x_wconf 88' lang='lat' dir='ltr'>etiam</span> <span class='ocrx_word' id='word_1_66' title='bbox 1214 558 1249 596; x_wconf 87' lang='lat' dir='ltr'>si</span> <span class='ocrx_word' id='word_1_67' title='bbox 1270 556 1447 610; x_wconf 86' lang='lat' dir='ltr'>quando</span> 
     </span>
     <span class='ocr_line' id='line_1_10' title="bbox 141 611 1449 664; baseline -0.008 -4"><span class='ocrx_word' id='word_1_68' title='bbox 141 624 263 660; x_wconf 86' lang='lat' dir='ltr'>errat</span> <span class='ocrx_word' id='word_1_69' title='bbox 287 624 332 658; x_wconf 87' lang='lat' dir='ltr'>et</span> <span class='ocrx_word' id='word_1_70' title='bbox 354 616 527 656; x_wconf 87' lang='lat' dir='ltr'>fallitur</span> <span class='ocrx_word' id='word_1_71' title='bbox 551 617 669 655; x_wconf 88' lang='lat' dir='ltr'>sicut</span> <span class='ocrx_word' id='word_1_72' title='bbox 693 613 846 663; x_wconf 86' lang='lat' dir='ltr'>homo,</span> <span class='ocrx_word' id='word_1_73' title='bbox 882 613 968 653; x_wconf 85' lang='lat' dir='ltr'>hoc</span> <span class='ocrx_word' id='word_1_74' title='bbox 993 614 1128 654; x_wconf 88' lang='lat' dir='ltr'>debet</span> <span class='ocrx_word' id='word_1_75' title='bbox 1147 613 1293 664; x_wconf 90' lang='lat' dir='ltr'>loqui,</span> <span class='ocrx_word' id='word_1_76' title='bbox 1329 611 1449 664; x_wconf 89' lang='lat' dir='ltr'>quod</span> 
     </span>
     <span class='ocr_line' id='line_1_11' title="bbox 140 670 1449 727; baseline -0.008 -12"><span class='ocrx_word' id='word_1_77' title='bbox 140 677 289 715; x_wconf 90' lang='lat' dir='ltr'>animo</span> <span class='ocrx_word' id='word_1_78' title='bbox 310 673 442 727; x_wconf 81' lang='lat' dir='ltr'>gerit,</span> <span class='ocrx_word' id='word_1_79' title='bbox 465 672 561 711; x_wconf 81' lang='lat' dir='ltr'>sive</span> <span class='ocrx_word' id='word_1_80' title='bbox 580 670 691 710; x_wconf 88' lang='lat' dir='ltr'>illud</span> <span class='ocrx_word' id='word_1_81' title='bbox 710 682 863 709; x_wconf 83' lang='lat' dir='ltr'>verum</span> <span class='ocrx_word' id='word_1_82' title='bbox 883 671 956 719; x_wconf 87' lang='lat' dir='ltr'>sit,</span> <span class='ocrx_word' id='word_1_83' title='bbox 985 670 1079 709; x_wconf 84' lang='lat' dir='ltr'>sive</span> <span class='ocrx_word' id='word_1_84' title='bbox 1096 674 1278 721; x_wconf 91' lang='lat' dir='ltr'>putetur</span> <span class='ocrx_word' id='word_1_85' title='bbox 1298 673 1342 706; x_wconf 93' lang='lat' dir='ltr'>et</span> <span class='ocrx_word' id='word_1_86' title='bbox 1360 678 1449 705; x_wconf 89' lang='lat' dir='ltr'>non</span> 
     </span>
     <span class='ocr_line' id='line_1_12' title="bbox 140 722 1447 780; baseline -0.008 -10"><span class='ocrx_word' id='word_1_87' title='bbox 140 733 213 771; x_wconf 90' lang='lat' dir='ltr'>sit.</span> <span class='ocrx_word' id='word_1_88' title='bbox 276 729 430 768; x_wconf 86' lang='lat' dir='ltr'>Omnis</span> <span class='ocrx_word' id='word_1_89' title='bbox 451 732 599 767; x_wconf 89' lang='lat' dir='ltr'>autem</span> <span class='ocrx_word' id='word_1_90' title='bbox 618 727 694 780; x_wconf 91' lang='lat' dir='ltr'>qui</span> <span class='ocrx_word' id='word_1_91' title='bbox 711 727 940 774; x_wconf 83' lang='lat' dir='ltr'>mentitur,</span> <span class='ocrx_word' id='word_1_92' title='bbox 963 730 1120 764; x_wconf 89' lang='lat' dir='ltr'>contra</span> <span class='ocrx_word' id='word_1_93' title='bbox 1136 724 1196 772; x_wconf 88' lang='lat' dir='ltr'>id,</span> <span class='ocrx_word' id='word_1_94' title='bbox 1216 722 1336 776; x_wconf 88' lang='lat' dir='ltr'>quod</span> <span class='ocrx_word' id='word_1_95' title='bbox 1355 722 1447 761; x_wconf 91' lang='lat' dir='ltr'>ani-</span> 
     </span>
     <span class='ocr_line' id='line_1_13' title="bbox 138 778 1448 836; baseline -0.008 -10"><span class='ocrx_word' id='word_1_96' title='bbox 138 799 212 827; x_wconf 88' lang='lat' dir='ltr'>mo</span> <span class='ocrx_word' id='word_1_97' title='bbox 247 785 407 833; x_wconf 86' lang='lat' dir='ltr'>sentit,</span> <span class='ocrx_word' id='word_1_98' title='bbox 441 784 642 836; x_wconf 92' lang='lat' dir='ltr'>loquitur</span> <span class='ocrx_word' id='word_1_99' title='bbox 674 781 907 820; x_wconf 84' lang='lat' dir='ltr'>voluntate</span> <span class='ocrx_word' id='word_1_100' title='bbox 938 780 1142 820; x_wconf 84' lang='lat' dir='ltr'>fallendi.</span> <span class='ocrx_word' id='word_1_101' title='bbox 1203 779 1260 818; x_wconf 85' lang='lat' dir='ltr'>Et</span> <span class='ocrx_word' id='word_1_102' title='bbox 1295 778 1448 829; x_wconf 84' lang='lat' dir='ltr'>utique</span> 
     </span>
     <span class='ocr_line' id='line_1_14' title="bbox 139 832 1450 893; baseline -0.009 -11"><span class='ocrx_word' id='word_1_103' title='bbox 139 841 279 882; x_wconf 76' lang='lat' dir='ltr'>verba</span> <span class='ocrx_word' id='word_1_104' title='bbox 295 844 536 893; x_wconf 88' lang='lat' dir='ltr'>propterea</span> <span class='ocrx_word' id='word_1_105' title='bbox 555 842 657 877; x_wconf 86' lang='lat' dir='ltr'>sunt</span> <span class='ocrx_word' id='word_1_106' title='bbox 672 837 899 885; x_wconf 87' lang='lat' dir='ltr'>instituta,</span> <span class='ocrx_word' id='word_1_107' title='bbox 936 849 1023 875; x_wconf 88' lang='lat' dir='ltr'>non</span> <span class='ocrx_word' id='word_1_108' title='bbox 1042 848 1123 888; x_wconf 84' lang='lat' dir='ltr'>per</span> <span class='ocrx_word' id='word_1_109' title='bbox 1140 846 1252 887; x_wconf 85' lang='lat' dir='ltr'>quae</span> <span class='ocrx_word' id='word_1_110' title='bbox 1273 846 1320 873; x_wconf 88' lang='lat' dir='ltr'>se</span> <span class='ocrx_word' id='word_1_111' title='bbox 1339 832 1450 872; x_wconf 88' lang='lat' dir='ltr'>invi·</span> 
     </span>
     <span class='ocr_line' id='line_1_15' title="bbox 141 889 1448 944; baseline -0.008 -7"><span class='ocrx_word' id='word_1_112' title='bbox 141 910 238 937; x_wconf 90' lang='lat' dir='ltr'>cem</span> <span class='ocrx_word' id='word_1_113' title='bbox 264 896 467 936; x_wconf 87' lang='lat' dir='ltr'>homines</span> <span class='ocrx_word' id='word_1_114' title='bbox 492 893 673 941; x_wconf 82' lang='lat' dir='ltr'>fallant,</span> <span class='ocrx_word' id='word_1_115' title='bbox 709 892 789 932; x_wconf 89' lang='lat' dir='ltr'>sed</span> <span class='ocrx_word' id='word_1_116' title='bbox 814 904 894 944; x_wconf 92' lang='lat' dir='ltr'>per</span> <span class='ocrx_word' id='word_1_117' title='bbox 912 904 1025 944; x_wconf 90' lang='lat' dir='ltr'>quae</span> <span class='ocrx_word' id='word_1_118' title='bbox 1051 892 1096 930; x_wconf 90' lang='lat' dir='ltr'>in</span> <span class='ocrx_word' id='word_1_119' title='bbox 1122 890 1309 930; x_wconf 88' lang='lat' dir='ltr'>alterius</span> <span class='ocrx_word' id='word_1_120' title='bbox 1330 889 1448 941; x_wconf 89' lang='lat' dir='ltr'>quis-</span> 
     </span>
     <span class='ocr_line' id='line_1_16' title="bbox 141 943 1448 1006; baseline -0.008 -14"><span class='ocrx_word' id='word_1_121' title='bbox 141 966 227 1006; x_wconf 89' lang='lat' dir='ltr'>que</span> <span class='ocrx_word' id='word_1_122' title='bbox 246 951 453 991; x_wconf 79' lang='lat' dir='ltr'>notitiam</span> <span class='ocrx_word' id='word_1_123' title='bbox 474 950 777 1002; x_wconf 82' lang='lat' dir='ltr'>cogitationes</span> <span class='ocrx_word' id='word_1_124' title='bbox 798 960 902 987; x_wconf 91' lang='lat' dir='ltr'>suas</span> <span class='ocrx_word' id='word_1_125' title='bbox 922 946 1137 1000; x_wconf 88' lang='lat' dir='ltr'>perferat.</span> <span class='ocrx_word' id='word_1_126' title='bbox 1185 945 1346 986; x_wconf 85' lang='lat' dir='ltr'>Verbis</span> <span class='ocrx_word' id='word_1_127' title='bbox 1367 943 1448 996; x_wconf 78' lang='lat' dir='ltr'>igi-</span> 
     </span>
     <span class='ocr_line' id='line_1_17' title="bbox 140 1003 1448 1055; baseline -0.008 -7"><span class='ocrx_word' id='word_1_128' title='bbox 140 1016 214 1049; x_wconf 92' lang='lat' dir='ltr'>tur</span> <span class='ocrx_word' id='word_1_129' title='bbox 233 1009 300 1047; x_wconf 89' lang='lat' dir='ltr'>uti</span> <span class='ocrx_word' id='word_1_130' title='bbox 317 1007 370 1047; x_wconf 87' lang='lat' dir='ltr'>ad</span> <span class='ocrx_word' id='word_1_131' title='bbox 391 1006 634 1053; x_wconf 86' lang='lat' dir='ltr'>fallaciam,</span> <span class='ocrx_word' id='word_1_132' title='bbox 662 1018 750 1043; x_wconf 90' lang='lat' dir='ltr'>non</span> <span class='ocrx_word' id='word_1_133' title='bbox 770 1003 825 1042; x_wconf 89' lang='lat' dir='ltr'>ad</span> <span class='ocrx_word' id='word_1_134' title='bbox 844 1003 962 1055; x_wconf 92' lang='lat' dir='ltr'>quod</span> <span class='ocrx_word' id='word_1_135' title='bbox 981 1004 1189 1042; x_wconf 89' lang='lat' dir='ltr'>instituta</span> <span class='ocrx_word' id='word_1_136' title='bbox 1207 1006 1322 1048; x_wconf 89' lang='lat' dir='ltr'>sunt,</span> <span class='ocrx_word' id='word_1_137' title='bbox 1349 1011 1448 1051; x_wconf 81' lang='lat' dir='ltr'>pee-</span> 
     </span>
     <span class='ocr_line' id='line_1_18' title="bbox 141 1055 1449 1110; baseline -0.008 -6"><span class='ocrx_word' id='word_1_138' title='bbox 141 1069 288 1105; x_wconf 83' lang='lat' dir='ltr'>catum</span> <span class='ocrx_word' id='word_1_139' title='bbox 319 1068 400 1102; x_wconf 90' lang='lat' dir='ltr'>est.</span> <span class='ocrx_word' id='word_1_140' title='bbox 460 1060 555 1100; x_wconf 85' lang='lat' dir='ltr'>Nec</span> <span class='ocrx_word' id='word_1_141' title='bbox 580 1060 685 1099; x_wconf 90' lang='lat' dir='ltr'>ideo</span> <span class='ocrx_word' id='word_1_142' title='bbox 712 1059 881 1098; x_wconf 88' lang='lat' dir='ltr'>nullum</span> <span class='ocrx_word' id='word_1_143' title='bbox 905 1057 1186 1098; x_wconf 85' lang='lat' dir='ltr'>mendacium</span> <span class='ocrx_word' id='word_1_144' title='bbox 1206 1055 1449 1110; x_wconf 85' lang='lat' dir='ltr'>putandum</span> 
     </span>
     <span class='ocr_line' id='line_1_19' title="bbox 141 1109 1448 1170; baseline -0.008 -10"><span class='ocrx_word' id='word_1_145' title='bbox 141 1126 226 1169; x_wconf 87' lang='lat' dir='ltr'>est,</span> <span class='ocrx_word' id='word_1_146' title='bbox 241 1132 329 1159; x_wconf 88' lang='lat' dir='ltr'>non</span> <span class='ocrx_word' id='word_1_147' title='bbox 349 1129 449 1158; x_wconf 89' lang='lat' dir='ltr'>esse</span> <span class='ocrx_word' id='word_1_148' title='bbox 469 1115 832 1170; x_wconf 88' lang='lat' dir='ltr'>peccatum‚quia</span> <span class='ocrx_word' id='word_1_149' title='bbox 849 1127 1088 1167; x_wconf 90' lang='lat' dir='ltr'>possumus</span> <span class='ocrx_word' id='word_1_150' title='bbox 1108 1111 1349 1165; x_wconf 81' lang='lat' dir='ltr'>aliquando</span> <span class='ocrx_word' id='word_1_151' title='bbox 1369 1109 1448 1149; x_wconf 88' lang='lat' dir='ltr'>ali-</span> 
     </span>
     <span class='ocr_line' id='line_1_20' title="bbox 142 1165 1447 1227; baseline -0.008 -12"><span class='ocrx_word' id='word_1_152' title='bbox 142 1177 212 1215; x_wconf 81' lang='lat' dir='ltr'>cui</span> <span class='ocrx_word' id='word_1_153' title='bbox 233 1174 449 1227; x_wconf 86' lang='lat' dir='ltr'>prodesse</span> <span class='ocrx_word' id='word_1_154' title='bbox 468 1171 741 1211; x_wconf 88' lang='lat' dir='ltr'>mentiendo.</span> <span class='ocrx_word' id='word_1_155' title='bbox 788 1170 1034 1210; x_wconf 83' lang='lat' dir='ltr'>Possumus</span> <span class='ocrx_word' id='word_1_156' title='bbox 1055 1171 1171 1209; x_wconf 88' lang='lat' dir='ltr'>enim</span> <span class='ocrx_word' id='word_1_157' title='bbox 1194 1174 1237 1207; x_wconf 87' lang='lat' dir='ltr'>et</span> <span class='ocrx_word' id='word_1_158' title='bbox 1256 1165 1447 1206; x_wconf 85' lang='lat' dir='ltr'>furando</span> 
     </span>
     <span class='ocr_line' id='line_1_21' title="bbox 145 1221 1449 1285; baseline -0.008 -15"><span class='ocrx_word' id='word_1_159' title='bbox 145 1229 409 1285; x_wconf 85' lang='lat' dir='ltr'>[aliquando</span> <span class='ocrx_word' id='word_1_160' title='bbox 439 1228 574 1267; x_wconf 86' lang='lat' dir='ltr'>alicui</span> <span class='ocrx_word' id='word_1_161' title='bbox 603 1223 868 1279; x_wconf 87' lang='lat' dir='ltr'>prodesse],</span> <span class='ocrx_word' id='word_1_162' title='bbox 903 1226 943 1265; x_wconf 90' lang='lat' dir='ltr'>si</span> <span class='ocrx_word' id='word_1_163' title='bbox 972 1237 1163 1278; x_wconf 85' lang='lat' dir='ltr'>pauper,</span> <span class='ocrx_word' id='word_1_164' title='bbox 1198 1224 1267 1263; x_wconf 91' lang='lat' dir='ltr'>cui</span> <span class='ocrx_word' id='word_1_165' title='bbox 1301 1221 1449 1274; x_wconf 85' lang='lat' dir='ltr'>palam</span> 
     </span>
     <span class='ocr_line' id='line_1_22' title="bbox 143 1277 1448 1334; baseline -0.009 -7"><span class='ocrx_word' id='word_1_166' title='bbox 143 1288 296 1334; x_wconf 87' lang='lat' dir='ltr'>datur,</span> <span class='ocrx_word' id='word_1_167' title='bbox 322 1285 460 1325; x_wconf 86' lang='lat' dir='ltr'>sentit</span> <span class='ocrx_word' id='word_1_168' title='bbox 479 1282 778 1331; x_wconf 85' lang='lat' dir='ltr'>commodum,</span> <span class='ocrx_word' id='word_1_169' title='bbox 807 1287 852 1320; x_wconf 90' lang='lat' dir='ltr'>et</span> <span class='ocrx_word' id='word_1_170' title='bbox 869 1282 1010 1328; x_wconf 78' lang='lat' dir='ltr'>dives,</span> <span class='ocrx_word' id='word_1_171' title='bbox 1032 1281 1105 1321; x_wconf 89' lang='lat' dir='ltr'>cui</span> <span class='ocrx_word' id='word_1_172' title='bbox 1124 1280 1236 1320; x_wconf 89' lang='lat' dir='ltr'>clam</span> <span class='ocrx_word' id='word_1_173' title='bbox 1254 1277 1448 1325; x_wconf 88' lang='lat' dir='ltr'>tollitur,</span> 
     </span>
     <span class='ocr_line' id='line_1_23' title="bbox 141 1331 1449 1385; baseline -0.008 -3"><span class='ocrx_word' id='word_1_174' title='bbox 141 1356 231 1382; x_wconf 90' lang='lat' dir='ltr'>non</span> <span class='ocrx_word' id='word_1_175' title='bbox 250 1342 388 1381; x_wconf 86' lang='lat' dir='ltr'>sentit</span> <span class='ocrx_word' id='word_1_176' title='bbox 406 1337 758 1379; x_wconf 88' lang='lat' dir='ltr'>incommodum:</span> <span class='ocrx_word' id='word_1_177' title='bbox 790 1348 872 1376; x_wconf 85' lang='lat' dir='ltr'>nec</span> <span class='ocrx_word' id='word_1_178' title='bbox 895 1336 1000 1377; x_wconf 85' lang='lat' dir='ltr'>ideo</span> <span class='ocrx_word' id='word_1_179' title='bbox 1028 1336 1118 1375; x_wconf 87' lang='lat' dir='ltr'>tale</span> <span class='ocrx_word' id='word_1_180' title='bbox 1140 1335 1308 1375; x_wconf 84' lang='lat' dir='ltr'>furtum</span> <span class='ocrx_word' id='word_1_181' title='bbox 1332 1331 1449 1385; x_wconf 86' lang='lat' dir='ltr'>quis-</span> 
     </span>
     <span class='ocr_line' id='line_1_24' title="bbox 143 1386 1449 1451; baseline -0.008 -15"><span class='ocrx_word' id='word_1_182' title='bbox 143 1410 273 1451; x_wconf 83' lang='lat' dir='ltr'>quam</span> <span class='ocrx_word' id='word_1_183' title='bbox 293 1396 458 1436; x_wconf 82' lang='lat' dir='ltr'>dixerit</span> <span class='ocrx_word' id='word_1_184' title='bbox 477 1407 563 1433; x_wconf 89' lang='lat' dir='ltr'>non</span> <span class='ocrx_word' id='word_1_185' title='bbox 583 1405 683 1433; x_wconf 84' lang='lat' dir='ltr'>esse</span> <span class='ocrx_word' id='word_1_186' title='bbox 702 1398 949 1444; x_wconf 83' lang='lat' dir='ltr'>pecc-atum.</span> <span class='ocrx_word' id='word_1_187' title='bbox 998 1392 1244 1432; x_wconf 89' lang='lat' dir='ltr'>Possumus</span> <span class='ocrx_word' id='word_1_188' title='bbox 1265 1394 1310 1428; x_wconf 87' lang='lat' dir='ltr'>et</span> <span class='ocrx_word' id='word_1_189' title='bbox 1327 1386 1449 1427; x_wconf 89' lang='lat' dir='ltr'>adul-</span> 
     </span>
     <span class='ocr_line' id='line_1_25' title="bbox 141 1443 1448 1503; baseline -0.009 -10"><span class='ocrx_word' id='word_1_190' title='bbox 141 1454 354 1501; x_wconf 89' lang='lat' dir='ltr'>terando,</span> <span class='ocrx_word' id='word_1_191' title='bbox 391 1452 429 1491; x_wconf 80' lang='lat' dir='ltr'>si</span> <span class='ocrx_word' id='word_1_192' title='bbox 449 1450 622 1503; x_wconf 89' lang='lat' dir='ltr'>aliqua,</span> <span class='ocrx_word' id='word_1_193' title='bbox 659 1449 747 1488; x_wconf 89' lang='lat' dir='ltr'>nisi</span> <span class='ocrx_word' id='word_1_194' title='bbox 766 1448 818 1487; x_wconf 87' lang='lat' dir='ltr'>ad</span> <span class='ocrx_word' id='word_1_195' title='bbox 843 1447 928 1487; x_wconf 87' lang='lat' dir='ltr'>hoc</span> <span class='ocrx_word' id='word_1_196' title='bbox 948 1449 988 1487; x_wconf 88' lang='lat' dir='ltr'>ei</span> <span class='ocrx_word' id='word_1_197' title='bbox 1009 1448 1338 1492; x_wconf 80' lang='lat' dir='ltr'>consentiatur,</span> <span class='ocrx_word' id='word_1_198' title='bbox 1374 1443 1448 1482; x_wconf 89' lang='lat' dir='ltr'>ad-</span> 
     </span>
     <span class='ocr_line' id='line_1_26' title="bbox 141 1497 1448 1562; baseline -0.01 -13"><span class='ocrx_word' id='word_1_199' title='bbox 141 1516 300 1562; x_wconf 83' lang='lat' dir='ltr'>pareat</span> <span class='ocrx_word' id='word_1_200' title='bbox 323 1506 512 1547; x_wconf 86' lang='lat' dir='ltr'>amando</span> <span class='ocrx_word' id='word_1_201' title='bbox 540 1506 780 1552; x_wconf 89' lang='lat' dir='ltr'>moritura,</span> <span class='ocrx_word' id='word_1_202' title='bbox 817 1510 862 1543; x_wconf 89' lang='lat' dir='ltr'>et</span> <span class='ocrx_word' id='word_1_203' title='bbox 891 1504 928 1542; x_wconf 87' lang='lat' dir='ltr'>si</span> <span class='ocrx_word' id='word_1_204' title='bbox 954 1505 1138 1551; x_wconf 71' lang='lat' dir='ltr'>vixerit,</span> <span class='ocrx_word' id='word_1_205' title='bbox 1174 1497 1448 1555; x_wconf 87' lang='lat' dir='ltr'>poenitendo</span> 
     </span>
     <span class='ocr_line' id='line_1_27' title="bbox 141 1553 1449 1618; baseline -0.009 -14"><span class='ocrx_word' id='word_1_206' title='bbox 141 1564 395 1618; x_wconf 82' lang='lat' dir='ltr'>purganda:</span> <span class='ocrx_word' id='word_1_207' title='bbox 429 1574 511 1601; x_wconf 88' lang='lat' dir='ltr'>nec</span> <span class='ocrx_word' id='word_1_208' title='bbox 538 1561 640 1600; x_wconf 87' lang='lat' dir='ltr'>ideo</span> <span class='ocrx_word' id='word_1_209' title='bbox 671 1564 903 1612; x_wconf 85' lang='lat' dir='ltr'>peccatum</span> <span class='ocrx_word' id='word_1_210' title='bbox 929 1559 1170 1612; x_wconf 76' lang='lat' dir='ltr'>negabitur</span> <span class='ocrx_word' id='word_1_211' title='bbox 1200 1556 1291 1596; x_wconf 86' lang='lat' dir='ltr'>tale</span> <span class='ocrx_word' id='word_1_212' title='bbox 1327 1553 1449 1594; x_wconf 88' lang='lat' dir='ltr'>adul-</span> 
     </span>
     <span class='ocr_line' id='line_1_28' title="bbox 142 1607 1503 1667; baseline -0.009 -8"><span class='ocrx_word' id='word_1_213' title='bbox 142 1621 320 1659; x_wconf 89' lang='lat' dir='ltr'>terium.</span> <span class='ocrx_word' id='word_1_214' title='bbox 382 1618 427 1658; x_wconf 84' lang='lat' dir='ltr'>Si</span> <span class='ocrx_word' id='word_1_215' title='bbox 447 1623 593 1656; x_wconf 84' lang='lat' dir='ltr'>autem</span> <span class='ocrx_word' id='word_1_216' title='bbox 612 1616 772 1654; x_wconf 86' lang='lat' dir='ltr'>merito</span> <span class='ocrx_word' id='word_1_217' title='bbox 794 1615 923 1654; x_wconf 90' lang='lat' dir='ltr'>nobis</span> <span class='ocrx_word' id='word_1_218' title='bbox 942 1615 1091 1667; x_wconf 85' lang='lat' dir='ltr'>placet</span> <span class='ocrx_word' id='word_1_219' title='bbox 1111 1612 1294 1653; x_wconf 86' lang='lat' dir='ltr'>castitas</span> <span class='ocrx_word' id='word_1_220' title='bbox 1308 1640 1318 1658; x_wconf 94' lang='lat'>,</span> <span class='ocrx_word' id='word_1_221' title='bbox 1344 1607 1450 1662; x_wconf 89' lang='lat' dir='ltr'>quid</span> <span class='ocrx_word' id='word_1_222' title='bbox 1502 1647 1503 1658; x_wconf 23' lang='lat'>¹</span> 
     </span>
     <span class='ocr_line' id='line_1_29' title="bbox 146 1663 1503 1731; baseline -0.01 -16"><span class='ocrx_word' id='word_1_223' title='bbox 146 1672 362 1731; x_wconf 81' lang='lat' dir='ltr'>[quaeso]</span> <span class='ocrx_word' id='word_1_224' title='bbox 387 1671 578 1713; x_wconf 84' lang='lat' dir='ltr'>offendit</span> <span class='ocrx_word' id='word_1_225' title='bbox 596 1671 776 1719; x_wconf 78' lang='lat' dir='ltr'>veritas,</span> <span class='ocrx_word' id='word_1_226' title='bbox 804 1675 851 1709; x_wconf 91' lang='lat' dir='ltr'>ut</span> <span class='ocrx_word' id='word_1_227' title='bbox 871 1676 1054 1723; x_wconf 90' lang='lat' dir='ltr'>propter</span> <span class='ocrx_word' id='word_1_228' title='bbox 1071 1669 1261 1709; x_wconf 89' lang='lat' dir='ltr'>alienam</span> <span class='ocrx_word' id='word_1_229' title='bbox 1283 1666 1449 1705; x_wconf 88' lang='lat' dir='ltr'>utilita-</span> <span class='ocrx_word' id='word_1_230' title='bbox 1502 1663 1503 1667; x_wconf 72' lang='grc'>’</span> 
     </span>
     <span class='ocr_line' id='line_1_30' title="bbox 143 1721 1451 1775; baseline -0.008 -5"><span class='ocrx_word' id='word_1_231' title='bbox 143 1738 233 1771; x_wconf 87' lang='lat' dir='ltr'>tem</span> <span class='ocrx_word' id='word_1_232' title='bbox 263 1731 342 1769; x_wconf 88' lang='lat' dir='ltr'>illa</span> <span class='ocrx_word' id='word_1_233' title='bbox 370 1741 455 1767; x_wconf 88' lang='lat' dir='ltr'>non</span> <span class='ocrx_word' id='word_1_234' title='bbox 484 1727 681 1766; x_wconf 68' lang='lat' dir='ltr'>violetur</span> <span class='ocrx_word' id='word_1_235' title='bbox 704 1726 1023 1775; x_wconf 86' lang='lat' dir='ltr'>adulterando,</span> <span class='ocrx_word' id='word_1_236' title='bbox 1059 1731 1104 1764; x_wconf 88' lang='lat' dir='ltr'>et</span> <span class='ocrx_word' id='word_1_237' title='bbox 1134 1723 1330 1763; x_wconf 80' lang='lat' dir='ltr'>violetur</span> <span class='ocrx_word' id='word_1_238' title='bbox 1360 1721 1451 1759; x_wconf 84' lang='lat' dir='ltr'>ista</span> 
     </span>
     <span class='ocr_line' id='line_1_31' title="bbox 144 1775 1448 1836; baseline -0.009 -10"><span class='ocrx_word' id='word_1_239' title='bbox 144 1785 401 1826; x_wconf 80' lang='lat' dir='ltr'>mentiendo</span> <span class='ocrx_word' id='word_1_240' title='bbox 412 1784 428 1823; x_wconf 65' lang='grc' dir='ltr'>’ἔ</span> <span class='ocrx_word' id='word_1_241' title='bbox 457 1782 577 1836; x_wconf 76' lang='lat' dir='ltr'>[Non</span> <span class='ocrx_word' id='word_1_242' title='bbox 596 1783 700 1821; x_wconf 87' lang='lat' dir='ltr'>ideo</span> <span class='ocrx_word' id='word_1_243' title='bbox 726 1781 1004 1820; x_wconf 84' lang='lat' dir='ltr'>mendacium</span> <span class='ocrx_word' id='word_1_244' title='bbox 1024 1780 1191 1832; x_wconf 88' lang='lat' dir='ltr'>poterit</span> <span class='ocrx_word' id='word_1_245' title='bbox 1207 1775 1448 1829; x_wconf 84' lang='lat' dir='ltr'>aliquando</span> 
     </span>
     <span class='ocr_line' id='line_1_32' title="bbox 144 1831 1449 1892; baseline -0.009 -12"><span class='ocrx_word' id='word_1_246' title='bbox 144 1842 341 1889; x_wconf 85' lang='lat' dir='ltr'>laudari,</span> <span class='ocrx_word' id='word_1_247' title='bbox 372 1841 476 1892; x_wconf 89' lang='lat' dir='ltr'>quia</span> <span class='ocrx_word' id='word_1_248' title='bbox 500 1850 829 1890; x_wconf 88' lang='lat' dir='ltr'>nonnumquam</span> <span class='ocrx_word' id='word_1_249' title='bbox 862 1849 942 1890; x_wconf 86' lang='lat' dir='ltr'>pro</span> <span class='ocrx_word' id='word_1_250' title='bbox 978 1836 1124 1876; x_wconf 87' lang='lat' dir='ltr'>salute</span> <span class='ocrx_word' id='word_1_251' title='bbox 1158 1831 1449 1886; x_wconf 89' lang='lat' dir='ltr'>quorumdam</span> 
     </span>
     <span class='ocr_line' id='line_1_33' title="bbox 144 1885 1450 1945; baseline -0.01 -8"><span class='ocrx_word' id='word_1_252' title='bbox 144 1898 398 1938; x_wconf 88' lang='lat' dir='ltr'>mentimur.</span> <span class='ocrx_word' id='word_1_253' title='bbox 460 1893 703 1933; x_wconf 78' lang='lat' dir='ltr'>Peccatum</span> <span class='ocrx_word' id='word_1_254' title='bbox 731 1904 839 1945; x_wconf 79' lang='lat' dir='ltr'>ergo</span> <span class='ocrx_word' id='word_1_255' title='bbox 868 1897 961 1940; x_wconf 90' lang='lat' dir='ltr'>est,</span> <span class='ocrx_word' id='word_1_256' title='bbox 998 1891 1077 1931; x_wconf 84' lang='lat' dir='ltr'>sed</span> <span class='ocrx_word' id='word_1_257' title='bbox 1100 1889 1297 1936; x_wconf 82' lang='lat' dir='ltr'>veniale,</span> <span class='ocrx_word' id='word_1_258' title='bbox 1331 1885 1450 1939; x_wconf 88' lang='lat' dir='ltr'>quod</span> 
     </span>
     <span class='ocr_line' id='line_1_34' title="bbox 143 1940 1449 1996; baseline -0.011 -3"><span class='ocrx_word' id='word_1_259' title='bbox 143 1951 464 1993; x_wconf 85' lang='lat' dir='ltr'>benevolentia</span> <span class='ocrx_word' id='word_1_260' title='bbox 497 1955 704 1996; x_wconf 82' lang='lat' dir='ltr'>excusat,</span> <span class='ocrx_word' id='word_1_261' title='bbox 741 1953 785 1987; x_wconf 85' lang='lat' dir='ltr'>et</span> <span class='ocrx_word' id='word_1_262' title='bbox 819 1948 923 1986; x_wconf 87' lang='lat' dir='ltr'>ideo</span> <span class='ocrx_word' id='word_1_263' title='bbox 956 1946 1139 1986; x_wconf 83' lang='lat' dir='ltr'>fallacia</span> <span class='ocrx_word' id='word_1_264' title='bbox 1176 1940 1391 1994; x_wconf 64' lang='lat' dir='ltr'>damnat}</span> <span class='ocrx_word' id='word_1_265' title='bbox 1413 1944 1449 1989; x_wconf 78' lang='lat'>¹)</span> 
     </span>
     <span class='ocr_line' id='line_1_35' title="bbox 146 1996 1451 2058; baseline -0.009 -11"><span class='ocrx_word' id='word_1_266' title='bbox 146 2008 392 2048; x_wconf 87' lang='lat' dir='ltr'>Plurimum</span> <span class='ocrx_word' id='word_1_267' title='bbox 414 2004 592 2058; x_wconf 83' lang='lat' dir='ltr'>quidem</span> <span class='ocrx_word' id='word_1_268' title='bbox 613 2004 667 2043; x_wconf 89' lang='lat' dir='ltr'>ad</span> <span class='ocrx_word' id='word_1_269' title='bbox 684 2003 848 2042; x_wconf 85' lang='lat' dir='ltr'>bonum</span> <span class='ocrx_word' id='word_1_270' title='bbox 868 2003 1117 2055; x_wconf 84' lang='lat' dir='ltr'>profecisse</span> <span class='ocrx_word' id='word_1_271' title='bbox 1136 2000 1355 2045; x_wconf 85' lang='lat' dir='ltr'>homines,</span> <span class='ocrx_word' id='word_1_272' title='bbox 1375 1996 1451 2049; x_wconf 89' lang='lat' dir='ltr'>qui</span> 
     </span>
     <span class='ocr_line' id='line_1_36' title="bbox 146 2058 1449 2114; baseline -0.009 -11"><span class='ocrx_word' id='word_1_273' title='bbox 146 2077 234 2103; x_wconf 90' lang='lat' dir='ltr'>non</span> <span class='ocrx_word' id='word_1_274' title='bbox 261 2063 344 2103; x_wconf 89' lang='lat' dir='ltr'>nisi</span> <span class='ocrx_word' id='word_1_275' title='bbox 374 2074 453 2114; x_wconf 87' lang='lat' dir='ltr'>pro</span> <span class='ocrx_word' id='word_1_276' title='bbox 473 2060 617 2100; x_wconf 83' lang='lat' dir='ltr'>salute</span> <span class='ocrx_word' id='word_1_277' title='bbox 638 2058 830 2098; x_wconf 87' lang='lat' dir='ltr'>hominis</span> <span class='ocrx_word' id='word_1_278' title='bbox 850 2059 1146 2106; x_wconf 86' lang='lat' dir='ltr'>mentiuntur,</span> <span class='ocrx_word' id='word_1_279' title='bbox 1179 2067 1266 2096; x_wconf 90' lang='lat' dir='ltr'>non</span> <span class='ocrx_word' id='word_1_280' title='bbox 1288 2059 1356 2093; x_wconf 87' lang='lat' dir='ltr'>est</span> <span class='ocrx_word' id='word_1_281' title='bbox 1377 2063 1449 2091; x_wconf 86' lang='lat' dir='ltr'>ne-</span> 
     </span>
    </p>
   </div>
   <div class='ocr_carea' id='block_1_3' title="bbox 198 2179 1110 2225">
    <p class='ocr_par' dir='ltr' id='par_1_4' title="bbox 198 2179 1110 2225">
     <span class='ocr_line' id='line_1_37' title="bbox 198 2179 1110 2225; baseline -0.007 -10"><span class='ocrx_word' id='word_1_282' title='bbox 198 2184 228 2225; x_wconf 88' lang='grc' dir='ltr'>Ι)</span> <span class='ocrx_word' id='word_1_283' title='bbox 257 2184 355 2215; x_wconf 76' lang='lat' dir='ltr'>Haec</span> <span class='ocrx_word' id='word_1_284' title='bbox 372 2182 484 2215; x_wconf 75' lang='lat' dir='ltr'>verba</span> <span class='ocrx_word' id='word_1_285' title='bbox 503 2183 634 2216; x_wconf 84' lang='lat' dir='ltr'>desunt</span> <span class='ocrx_word' id='word_1_286' title='bbox 653 2182 689 2215; x_wconf 83' lang='lat' dir='ltr'>in</span> <span class='ocrx_word' id='word_1_287' title='bbox 706 2181 872 2213; x_wconf 76' lang='lat' dir='ltr'>omnihus</span> <span class='ocrx_word' id='word_1_288' title='bbox 892 2190 1006 2222; x_wconf 82' lang='lat' dir='ltr'>prope</span> <span class='ocrx_word' id='word_1_289' title='bbox 1026 2179 1110 2211; x_wconf 78' lang='lat' dir='ltr'>Mss.</span> 
     </span>
    </p>
   </div>
  </div>
 </body>
</html>
