1503 2465
133 105 217 145 240
496 103 733 145 AURELII
762 102 1083 145 AUGUSTINI

135 189 331 239 salvum,
364 187 450 228 nisi
486 199 617 240 quem
652 187 823 227 salvum
849 188 944 227 fieri
970 187 1067 240 ipse
1102 187 1317 239 voluerit3
1355 201 1443 230 non

136 245 257 297 quod
276 244 423 283 nullus
444 243 503 283 sit
524 242 767 293 hominum,
804 243 891 282 nisi
910 256 1039 296 quem
1058 243 1227 283 salvum
1249 244 1345 284 fieri
1373 256 1442 284 ve-

132 300 205 349 lit,
240 299 319 339 sed
339 299 458 353 quod
480 299 626 338 nullus
648 299 743 347 fiat,
779 300 862 338 nisi
885 311 1013 351 quem
1033 299 1160 348 velit,
1195 305 1240 338 et
1258 299 1361 338 ideo
1383 301 1445 339 sit

132 355 362 408 rogandus
381 360 430 394 ut
446 354 579 403 velit,
607 354 712 407 quia
728 365 915 394 necesse
937 360 1006 394 est
1023 354 1142 403 fieri,
1174 355 1208 394 si
1230 354 1440 396 voluerit.

131 410 201 450 De
229 410 398 450 orando
427 413 588 463 quippe
606 410 705 449 Deo
732 411 898 462 agebat
923 409 1178 462 apostolus,
1204 415 1253 449 ut
1272 409 1358 449 hoc
1377 410 1441 450 di-

133 471 270 506 ceret.
288 468 325 516 ¹)
386 464 459 506 Sic
481 466 596 505 enim
617 465 908 517 intelligimus
930 470 974 504 et
993 465 1111 518 quod
1130 467 1173 505 in
1200 465 1437 519 evangelio

132 523 348 575 scriptum
374 526 443 561 est
456 522 521 572 2):
556 521 630 574 qui
651 521 865 560 illuminat
890 533 1054 559 onlnem
1075 520 1318 570 homimum
1349 533 1439 560 non

130 579 236 631 quia
258 577 406 616 nullus
434 582 503 616 est
531 575 779 624 hominum,
817 577 889 629 qui
917 590 1004 615 non
1023 576 1321 626 illuminetur,
1355 576 1438 616 sed

131 635 235 686 quia
267 633 353 672 nisi
379 633 433 672 ab
459 633 557 684 ipso
584 632 733 672 nullus
760 632 1055 671 illuminatur.
1112 633 1198 671 Aut
1222 638 1344 671 certe
1370 633 1437 672 sic

130 689 295 729 dictum
318 694 406 728 est:
438 687 512 740 qui
537 701 679 727 omnes
703 687 893 727 homines
919 688 1009 726 vult
1028 687 1166 726 salvos
1177 686 1316 740 fieri-‚⁰
1347 700 1437 727 non

130 745 249 798 quod
270 744 416 783 nullus
439 742 665 783 hominum
686 748 827 791 esset,
864 755 994 795 quem
1022 743 1192 783 salvum
1219 743 1317 782 fieri
1341 743 1435 782 nol-

127 801 205 849 let,
230 800 303 853 qui
323 801 513 839 virtutes
532 800 848 838 miraculorum
866 799 1018 838 facere
1038 799 1185 838 noluit
1203 798 1317 850 apud
1340 810 1435 848 eos,

128 868 240 909 quos
267 855 376 895 dicit
405 861 585 894 acturos
610 854 752 894 fuisse
776 854 1121 906 poenitentiam,
1155 854 1194 894 si
1226 853 1435 905 fecisset3

129 912 207 951 sed
236 917 284 951 ut
308 923 450 950 onznes
476 909 666 950 homines
692 921 821 949 omne
847 922 988 963 genus
1014 908 1252 949 humanum
1269 910 1436 950 intelli)-

127 980 282 1021 gamus
304 979 381 1019 per
398 978 699 1019 quascumque
723 964 1004 1005 differentias
1032 965 1341 1015 distributum,
1367 977 1436 1005 re-

126 1035 228 1076 ges,
249 1024 469 1075 privatos,
490 1022 686 1070 nobiles,
707 1020 951 1072 ignobiles,
973 1021 1207 1069 sublimes,
1228 1019 1435 1070 humiles,

127 1080 312 1127 doctos,
339 1078 565 1124 indoctos,
587 1077 755 1130 integri
775 1077 993 1128 eorporis,
1016 1076 1203 1124 debiles,
1229 1078 1434 1129 ingenio-

128 1133 528 1181 sos‚ta1·dic‹n·des‚
548 1131 1434 1183 fatuos,diviteS,pauperes,mediocres,

125 1202 291 1238 mares,
312 1188 526 1237 feminas,
545 1186 762 1234 infantes,
793 1199 978 1238 ρωπος,
1006 1187 1343 1235 adolescentes,
1371 1188 1435 1226 iu-

126 1258 283 1294 venes,
312 1245 538 1291 seniores,
566 1256 717 1293 senes3
745 1244 787 1282 in
808 1243 972 1295 linguis
994 1243 1216 1290 omnibus,
1237 1243 1281 1281 in
1301 1243 1435 1281 mori·

125 1301 209 1341 bus
230 1300 455 1349 omnibus,
490 1301 535 1338 in
554 1299 724 1338 artibus
745 1299 970 1346 omnibus,
1003 1299 1045 1337 in
1074 1297 1433 1351 professionibus

128 1357 354 1405 omnibus,
380 1356 423 1394 in
445 1355 724 1394 voluntatum
744 1359 789 1393 et
809 1354 1188 1393 conscientiarum
1213 1353 1432 1393 varietate

124 1411 443 1452 innumerabili
471 1411 767 1457 constitutos,
799 1415 843 1448 et
869 1409 904 1447 si
935 1409 1039 1462 quid
1069 1409 1190 1450 aliud
1223 1407 1433 1448 differen-

123 1468 287 1507 tiarum
307 1472 376 1507 est
393 1467 437 1505 in
460 1465 730 1505 hominibus.
763 1464 880 1512 Quid
901 1469 969 1503 est
987 1467 1101 1504 enim
1124 1477 1294 1513 eorum,
1314 1465 1433 1504 unde

124 1535 214 1562 non
232 1523 355 1562 Deus
374 1535 454 1575 per
473 1521 752 1574 unigenitum
771 1533 916 1568 suum,
952 1519 1191 1559 Dominum
1213 1526 1430 1568 nostrum,

122 1590 205 1631 per
224 1591 378 1618 omnes
399 1583 556 1631 gentes
577 1576 727 1616 salvos
748 1576 842 1615 fieri
865 1574 1066 1615 homines
1095 1576 1221 1625 velit,
1252 1581 1297 1614 et
1323 1576 1429 1615 ideo

122 1633 284 1684 faciat,
319 1635 424 1686 quia
451 1633 734 1684 omnipotens
758 1631 874 1671 velle
911 1631 1105 1670 inaniter
1140 1644 1228 1670 non
1261 1636 1429 1683 potest,

122 1690 434 1742 quodcumque
455 1687 675 1727 volueriut
709 1687 1012 1739 Praeceperat
1032 1687 1147 1726 enim
1176 1686 1426 1739 apostolus,

119 1751 170 1785 ut
195 1750 400 1784 oraretur
433 1756 512 1795 pro
548 1743 752 1783 omnibus
785 1741 1059 1790 hominibus,
1096 1747 1141 1781 et
1168 1742 1428 1793 specialiter

120 1800 376 1841 addiderat:
406 1812 490 1852 pro
511 1798 706 1851 regibus,
741 1804 783 1837 et
799 1797 856 1837 eis
877 1797 950 1850 qm?
965 1797 1009 1836 in
1026 1796 1286 1837 sublimitate
1312 1804 1424 1845 sunt,

119 1857 192 1909 qui
213 1856 359 1908 putari
379 1860 588 1907 poterant
605 1853 725 1893 fastu
745 1858 790 1892 et
809 1853 1020 1905 superbia
1039 1853 1261 1893 saeculari
1281 1865 1304 1891 a
1321 1853 1426 1892 fidei

119 1910 402 1951 Christianae
442 1908 693 1949 humilitate
733 1907 992 1948 abhorrere.
1008 1909 1047 1957 3)
1124 1908 1319 1948 Proinde
1363 1908 1424 1947 di-

120 1979 244 2007 cens:
264 1965 361 2006 Hoc
380 1965 489 2005 enim
510 1965 663 2004 bonum
683 1971 746 2003 est
762 1975 909 2003 coram
927 1965 1140 2003 salvatore
1154 1970 1301 2003 nostro
1312 1961 1423 2011 Deo,

116 2022 164 2062 id
183 2028 275 2071 est,
305 2027 350 2061 ut
369 2021 500 2061 etiam
521 2033 599 2074 pro
620 2020 782 2059 talibus
804 2024 979 2069 oretur,
1014 2019 1165 2059 statim
1195 2025 1243 2059 ut
1267 2019 1423 2071 despe-

163 2153 200 2230 ἰ)
222 2153 278 2184 cf.
304 2153 390 2193 ing.
418 2153 461 2186 ‹le
488 2157 647 2195 corrept.
673 2157 709 2185 et
734 2158 825 2193 grat.
852 2161 882 2184 c.
904 2155 955 2184 14.
1006 2151 1043 2193 2)
1063 2150 1138 2184 1011.
1160 2154 1195 2188 1,
1222 2152 1258 2184 9.
1304 2149 1341 2191 3)
1364 2148 1419 2182 Cf.

119 2202 135 2230 1
156 2199 165 2209 '
180 2199 253 2231 'inr
272 2203 352 2237 21.
371 2210 419 2231 ss.
