1503 2465
421 448 480 505 s
567 447 982 507 AURELH

41 568 1355 659 AUGUSTINI

649 723 744 763 DE

136 823 606 885 DOCTRINA
695 827 1256 887 CHRISTIANA

274 943 543 1019 Lissizl
617 944 1108 1005 QUATUOR.

478 1155 913 1199 PROLOGUS.

114 1211 140 1234 *t

99 1214 230 1279 bunt
257 1246 497 1292 praerepta
518 1241 737 1293 quaedam
756 1244 1093 1283 tractandarum
1114 1244 1354 1296 scriptura-

40 1307 158 1344 rum,
195 1308 309 1348 quae
340 1297 559 1335 studiosis
589 1309 740 1336 earum
777 1298 911 1338 video
946 1313 1034 1338 non
1068 1300 1354 1339 incommode

38 1364 173 1404 posse
193 1352 333 1400 tradi,
362 1357 515 1391 utnon
538 1352 681 1391 solum
702 1353 898 1406 legendo
920 1355 1058 1404 alios,
1089 1355 1161 1408 qui
1183 1356 1353 1395 divina-

37 1419 134 1446 rum
165 1407 398 1446 literarum
431 1413 588 1459 opertu
611 1414 904 1460 aperuerunt,
942 1409 1024 1450 sed
1051 1416 1095 1450 et
1131 1411 1233 1450 aliis
1266 1411 1355 1464 ipsi

39 1462 284 1515 aperiendo
305 1463 557 1515 proficiant.
618 1464 745 1504 Haec
764 1465 947 1505 tradere
966 1466 1144 1506 institui
1162 1467 1353 1506 volenti-

37 1518 120 1558 bus
140 1526 184 1558 et
203 1518 454 1558 valentibus
476 1519 666 1568 discere,
685 1521 721 1559 si
740 1519 864 1560 Deus
884 1533 939 1561 ac
958 1521 1179 1562 Dominus
1198 1529 1356 1562 noster

40 1585 113 1622 ea,
149 1587 260 1627 quae
283 1573 336 1613 de
357 1573 504 1614 haere
526 1576 747 1627 cogitanti
765 1577 885 1616 solet
907 1590 1154 1631 suggerere
1170 1608 1181 1627 ,
1217 1578 1353 1618 etiam

40 1631 258 1669 scribenti
282 1628 393 1670 mihi
420 1643 509 1670 11011
529 1630 738 1684 deneget.
802 1632 937 1680 Quod
958 1640 1196 1686 antequam
1223 1647 1352 1673 exor-

40 1685 159 1734 diar,
192 1685 371 1725 videtur
388 1683 495 1725 mihi
514 1687 877 1739 respondendum
901 1701 1000 1728 esse
1022 1688 1111 1737 his,
1144 1691 1217 1744 qui
1240 1689 1351 1729 haec

38 1739 358 1794 reprehensuri
385 1748 510 1789 sunt,
549 1748 624 1781 aut
654 1742 974 1796 reprehensuri
1005 1752 1180 1795 essent,
1216 1747 1251 1785 si
1273 1758 1351 1785 eos

37 1809 128 1835 non
152 1803 254 1836 ante
284 1797 577 1849 placaremus.
640 1798 771 1846 Quod
797 1800 835 1839 si
861 1801 1067 1840 nonnulli
1094 1802 1228 1841 etiam
1249 1808 1351 1854 post

37 1851 127 1891 ista
144 1850 532 1904 reprehenderint,
559 1853 718 1893 saltem
738 1855 854 1895 alios
875 1868 966 1894 non
988 1859 1244 1905 movebunt,
1269 1869 1351 1895 nec

30 1907 92 1945 -ab
124 1908 224 1947 utili
254 1908 403 1948 studio
431 1909 488 1948 ad
514 1910 767 1962 imperitiae
793 1911 1025 1964 pigritiam
1056 1912 1348 1961 revocabunt,

39 1975 151 2015 quos
171 1976 352 2003 movere
371 1971 576 2016 possent,
600 1966 687 2005 nisi
707 1967 1017 2019 praemunitos
1037 1974 1350 2021 praeparatos-

39 2030 124 2070 que
144 2019 414 2059 invenirent.
456 2020 647 2068 Quidam
668 2024 783 2062 enim
802 2021 1125 2076 reprehensuri
1145 2029 1247 2064 sunt
1265 2023 1350 2064 hoc.

39 2086 151 2126 opus
171 2082 395 2123 nostrum,
423 2088 556 2128 quum
575 2088 627 2116 ea
646 2090 759 2130 quae
778 2082 1067 2132 praecepturi
1089 2093 1240 2119 snmus
1260 2094 1349 2118 non

36 2129 362 2170 intellexerint.
425 2132 615 2179 Quidam
639 2146 746 2173 vero
769 2147 901 2186 quum
925 2135 1172 2175 intellectis
1193 2136 1253 2174 uti
1275 2149 1349 2174 vo-

37 2184 224 2233 luerint,
261 2188 501 2240 conatique
531 2187 700 2228 fuerint
723 2192 971 2243 scripturas
993 2191 1166 2231 divinas
1194 2203 1349 2231 seeun-

91 2248 296 2288 ‚lucus-r.
318 2247 499 2288 Docra.
525 2250 721 2291 Cunis'r.
1045 2253 1078 2290 A
