1503 2465
132 103 185 141 42
494 100 732 141 AURELH
761 99 1082 142 AUGUS'I'INI

131 186 277 240 plaria
302 185 625 238 praecedentia
650 190 929 233 recurratur,
964 185 1000 224 si
1036 197 1167 236 quam
1202 184 1442 225 dubitatio-

131 254 234 281 nem
259 241 477 281 adtulerit
496 240 764 280 Latinorum
788 243 1081 292 interpretum
1106 241 1283 280 infinita
1299 240 1442 279 varie-

81 345 84 349 *
130 303 215 337 tas.
277 297 556 349 Quamquam
577 301 622 335 et
639 296 854 337 Hebraea
872 295 1009 335 verba
1035 308 1125 335 non
1147 297 1445 347 interpretata

130 364 266 405 saepe
287 351 800 401 inveniamusinlibris,
830 351 948 391 sicut
965 363 1114 400 amen,
1143 356 1188 391 et
1213 350 1443 399 halleluia,

131 414 176 448 et
192 406 342 455 racha,
364 413 408 446 et
430 406 647 456 hosanna,
667 413 712 447 et
731 408 876 460 siqua
893 412 996 446 sunt
1013 407 1121 457 alia3
1138 419 1326 459 quorum
1345 419 1443 458 par-

127 465 208 503 tim
228 468 414 516 propter
433 463 707 502 sanctiorem
726 462 1065 511 auctoritatem,
1091 463 1291 514 quamvis
1306 462 1442 501 inter-

127 519 298 572 pretari
318 518 598 570 potuissent,
632 523 811 557 servata
836 523 905 558 est
928 518 1195 570 antiquitas,
1232 518 1351 557 sicut
1375 523 1442 556 est

128 586 259 614 amen
299 579 344 613 et
379 572 614 622 halleluia,
654 575 817 626 partim
853 585 961 612 vero
999 573 1043 612 in
1077 574 1210 612 aliam
1242 573 1441 626 linguam

126 629 366 672 transferri
386 642 475 668 non
494 629 696 681 potuisse
717 629 946 679 dicuntur,
973 628 1090 668 sicut
1112 628 1201 668 alia
1221 628 1309 668 duo
1329 640 1440 681 quae

126 687 375 739 posuimus.
437 684 549 725 Sunt
571 685 688 724 enim
715 685 934 736 quaedam
955 698 981 723 1
987 684 1093 723 elba
1117 689 1339 723 cer·ta1um
1360 684 1440 722 lin-

126 753 241 794 gual
246 754 339 790 um
368 753 481 794 quae
500 741 544 779 in
564 753 693 780 usum
712 741 898 780 alterius
918 740 1098 792 lintruae
1118 751 1197 792 per
1223 741 1394 791 interpr
1399 751 1440 778 e-

124 797 347 836 tationem
373 796 567 836 transire
591 808 683 836 non
705 797 897 849 possint.
958 795 1016 835 Et
1041 793 1127 835 hoc
1159 797 1350 835 maxime
1375 796 1440 834 in-

125 852 476 892 teriectionibus
497 852 678 901 accidit,
690 864 803 905 quae
819 851 957 891 verba
968 856 1138 890 motum
1154 851 1287 890 animi
1303 851 1402 903 sign
1407 850 1439 888 i-

127 908 265 947 ficant
286 909 458 961 potius,
485 920 617 960 quam
635 908 890 948 sententiae
910 913 1157 960 conceptae
1178 906 1315 946 ullam
1341 918 1439 959 par-

127 965 326 1003 ticulam.
386 962 497 1003 Nam
530 968 576 1003 et
604 962 716 1003 haec
741 964 829 1003 duo
855 963 966 1003 talia
991 974 1091 1003 esse
1124 961 1437 1015 perhibentur,

128 1020 284 1059 dicunt
303 1019 420 1059 enim
439 1017 577 1058 racha
592 1019 870 1072 indignantis
897 1031 997 1058 esse
1020 1030 1178 1058 vocem
1193 1048 1204 1066 ‚
1234 1016 1439 1057 hosanna

127 1076 356 1116 laetantis.
419 1074 508 1115 Sed
529 1088 614 1114 non
635 1080 820 1127 propter
837 1073 948 1114 haec
967 1087 1124 1128 pauca,
1146 1085 1260 1126 quae
1279 1080 1437 1112 notare

127 1137 260 1184 atque
280 1131 564 1183 interrogare
583 1129 848 1170 facillimum
868 1136 957 1179 est,
991 1130 1070 1170 sed
1090 1134 1275 1182 propter
1294 1129 1436 1168 direr-

127 1189 308 1235 sitates,
343 1191 392 1225 ut
416 1186 584 1225 dictum
612 1191 706 1235 est,
744 1188 1040 1239 interpretum
1068 1186 1247 1224 illarum
1263 1184 1437 1237 lingua-

125 1255 223 1282 rum
252 1247 322 1281 est
351 1243 553 1294 cognitio
586 1243 859 1282 necessaria.
920 1242 1007 1289 Qui
1039 1242 1157 1280 enim
1191 1240 1436 1292 scripturas

127 1310 184 1338 ex
201 1297 416 1337 Hebraea
433 1297 587 1350 lingua
608 1299 653 1337 in
675 1298 894 1337 Graecam
921 1302 1176 1345 verterunt,
1212 1296 1435 1335 numerari

128 1359 337 1407 possunt,
371 1352 523 1392 Latini
555 1358 702 1393 autem
730 1355 1002 1407 interpretes
1030 1353 1152 1393 nullo
1170 1352 1320 1391 modo.
1380 1351 1438 1391 Ut

128 1409 246 1449 enim
271 1409 432 1461 cuique
459 1409 614 1460 primis
639 1410 745 1449 fidei
768 1410 1047 1462 temporibus
1070 1411 1114 1449 in
1139 1421 1296 1448 manus
1315 1407 1440 1446 venit

128 1465 273 1505 codex
293 1464 509 1513 Graecus,
524 1470 567 1504 et
580 1465 903 1518 aliquantulum
920 1465 1151 1505 facultatis
1172 1464 1259 1503 sibi
1276 1464 1438 1503 utrius-

128 1533 214 1575 que
233 1521 416 1573 linguae
436 1519 602 1560 habere
620 1521 871 1571 videbatur,
891 1534 1026 1560 ausus
1047 1526 1116 1559 est
1132 1519 1436 1571 interpretari.

186 1577 232 1615 C.
255 1576 351 1615 ΧΠ.
415 1576 540 1624 Quae
563 1576 740 1629 quidem
767 1590 840 1617 res
867 1578 964 1630 plus
993 1576 1164 1616 adiuvit
1182 1575 1438 1627 intelligen-

125 1633 251 1680 tiam,
268 1645 397 1684 quam
415 1632 661 1684 impedivit,
684 1633 721 1672 si
739 1634 872 1673 modo
893 1633 1098 1685 legentes
1117 1643 1206 1670 non
1226 1630 1315 1670 sint
1333 1642 1438 1683 neg-

128 1688 340 1741 ligentes.
413 1686 525 1727 Nam
572 1689 812 1728 nonnullas
855 1689 1145 1729 obscuriores
1187 1686 1437 1725 sententias

130 1744 322 1796 plurium
343 1743 549 1783 codicum
569 1756 704 1796 saepe
722 1744 1029 1784 manifestavit
1046 1743 1289 1794 inspecti03
1320 1743 1439 1780 sicut

126 1799 239 1839 illud
259 1799 404 1839 Isaiae
422 1811 473 1862 pi
479 1798 670 1851 ophetae
693 1800 726 1847 ¹)
744 1814 856 1839 unus
875 1801 1098 1850 interpres
1117 1799 1197 1836 ait:
1217 1796 1283 1836 Et
1298 1797 1436 1835 dome-

128 1854 258 1895 sticos
283 1854 453 1894 seminis
480 1854 545 1893 tm
568 1868 619 1894 ne
644 1855 909 1908 ᾱσερθτενὶς,·
943 1856 1058 1894 alius
1083 1858 1231 1892 autem
1256 1854 1338 1891 ait.
1373 1851 1439 1891 Et

129 1924 304 1950 carnem
322 1917 440 1950 tuam
458 1922 510 1949 ne
528 1910 780 1962 despexeris
830 1912 939 1951 Ute1
944 1922 1028 1963 que
1047 1908 1254 1948 sibimet
1243 1907 1436 1946 invicem

129 1966 382 2006 adtestatus
415 1970 496 2005 est.
558 1965 760 2020 Namque
785 1968 902 2007 alte1
927 1978 983 2006 ex
1007 1965 1151 2004 alteio
1181 1965 1433 2017 exponitur,

177 2083 350 2124 1)C.58‚
377 2085 419 2122 7.,
445 2084 507 2117 uhi
536 2087 629 2116 text.
659 2085 773 2118 Hebr.
802 2087 856 2130 (et
879 2094 973 2116 vmels
998 2080 1135 2124 vulgat)
1170 2067 1262 2116 &⁷2
1247 2080 1344 2135 ῆἾ-ἵζι-
1312 2080 1433 2126 ...ΣΞᾯΞἹ

127 2127 243 2174 :Eth-
239 2143 302 2187 Π;
330 2141 394 2174 sed
413 2140 553 2174 LXX*
578 2142 634 2171 καὶ
652 2137 718 2172 ἀπὸ
742 2141 809 2172 τῶν
833 2139 967 2172 οἰκείων
992 2139 1053 2172 τοῦ
1077 2137 1266 2178 σπέοματός
1285 2150 1347 2171 σου
1367 2128 1433 2176 οὐχ

127 2196 160 2227 ὑ
163 2210 209 2228 (ευ
194 2166 302 2237 όψῒιι

425 2280 437 2296 Χ
