1503 2465
216 122 295 162 DE
327 119 628 161 DOCTRINA
663 117 894 158 Cur-:1511
954 113 1067 154 Llss.
1099 111 1154 152 ΙΙ.
1288 110 1338 152 61

36 219 148 261 quae
170 206 481 259 significantur
500 204 664 243 similia
682 203 785 242 sint.
847 197 935 240 Sed
955 199 1058 252 quia
1076 196 1228 236 multis
1245 208 1338 236 mo-

36 265 104 303 dis
124 263 269 301 simile
288 261 460 314 aliquid
480 260 614 299 alicui
634 264 785 311 potest
805 267 921 303 esse,
943 268 1028 293 non
1051 258 1259 292 constant
1275 257 1340 291 ta-

34 319 95 358 lia
117 319 245 371 signa
262 318 380 357 inter
396 315 621 364 homines,
662 314 745 353 nisi
766 323 1012 351 consensus
1033 307 1232 348 accedat.
1292 307 1341 346 In

35 375 223 427 picturis
248 384 355 411 vero
383 377 427 411 et
452 372 613 411 statuis
638 369 892 420 ceterisque
927 364 1184 404 huiusmodi
1207 363 1340 402 simu-

34 431 138 470 latis
167 429 398 481 operibus,
430 429 621 466 maxime
655 425 899 478 peritorum
933 420 1174 467 artificum,
1209 431 1338 458 nemo

36 491 171 533 errat,
200 497 330 537 quum
351 483 517 523 similia
535 482 716 529 viderit,
745 485 791 518 ut
808 482 1046 531 agnoscat,
1075 474 1233 529 quibus
1253 475 1343 513 sint

34 541 169 581 rebus
200 540 377 579 similia.
437 538 494 577 Et
519 537 603 577 huc
631 541 772 576 tutum
797 546 938 586 genus
970 532 1087 571 inter
1115 529 1342 582 superflua

34 595 262 637 hominum
283 595 489 634 instituta
511 591 829 632 numerandum
847 594 929 637 est,
949 588 1036 627 nisi
1056 599 1185 640 quum
1204 587 1341 625 inter-

37 659 120 701 est,
143 652 249 704 qui-d
269 663 438 698 eurum,
463 662 550 702 qua
568 650 622 688 de
643 658 816 692 caussa,
839 651 883 683 et
901 644 990 692 ubi,
1012 648 1056 682 et
1071 641 1268 695 quando,
1298 647 1343 681 et

37 709 162 748 cuius
183 707 454 746 auctoritate
476 706 566 744 fiat.
621 703 767 743 Millia
786 701 977 752 denique
998 699 1200 738 fictarum
1218 696 1342 736 fabu-

36 764 180 804 larum
203 769 247 802 ct
270 761 542 808 falsitatum,
570 771 753 812 quarum
781 755 1026 796 mendaciis
1045 752 1249 793 homines
1270 753 1342 792 de-

38 820 282 860 lectantur.
312 817 503 857 bumana
521 817 729 856 instituta
748 820 868 853 sunt:
904 817 949 851 et
967 810 1089 850 nulla
1105 809 1248 862 magis
1268 808 1343 848 ho-

38 876 204 916 minum
227 875 424 927 propria,
460 885 573 925 quae
593 884 618 911 a
637 883 684 910 se
703 869 812 922 ipsis
833 867 1011 915 habent,
1045 865 1346 905 existimanda

40 937 158 980 sunt,
178 943 306 983 quam
327 940 530 982 quaeque
550 927 666 967 falsa
684 931 815 978 atque
834 922 1082 963 mendacia.
1141 921 1344 960 Commo-

41 987 97 1027 da
115 998 221 1026 vero
244 992 289 1025 et
307 984 567 1024 necessaria
586 982 813 1022 hominum
832 992 929 1019 eum
948 976 1202 1017 hominibus
1221 976 1347 1015 insti-

39 1049 137 1082 tuta
156 1047 271 1089 sunt,
301 1051 607 1093 quaecumque
626 1039 671 1077 in
691 1036 845 1076 habitu
865 1040 909 1074 et
923 1034 1046 1074 cultu
1066 1034 1268 1084 corporis
1291 1031 1347 1070 ad

42 1111 176 1139 sexus
200 1097 270 1136 vel
295 1095 490 1135 honoros
518 1092 843 1134 discernendos
879 1088 1136 1129 differentia
1164 1087 1347 1140 placuit,

43 1160 88 1194 et
104 1152 449 1194 innumerabilia
468 1163 636 1204 genera
655 1147 1047 1202 significationum,
1071 1145 1166 1183 sinc
1187 1143 1348 1196 quibus

43 1209 235 1249 humana
260 1208 456 1247 societas
483 1212 560 1246 aut
586 1219 672 1245 non
710 1203 914 1250 omnino,
944 1208 1020 1240 aut
1049 1199 1193 1239 minus
1229 1210 1346 1237 com-

43 1265 174 1306 mode
199 1266 392 1317 geritur3
426 1274 629 1315 quaeque
648 1263 691 1300 in
712 1258 988 1313 ponderibus
1016 1261 1148 1308 atque
1172 1267 1348 1294 mensu-

43 1323 127 1369 ris,
164 1325 207 1360 οἱ
236 1331 515 1358 nununorum
544 1315 917 1369 impressionibus
937 1311 1008 1352 vel
1025 1309 1349 1350 aestimationi-

42 1378 125 1418 bus
145 1388 225 1416 sua
243 1376 403 1427 cuique
425 1375 596 1413 civitati
619 1381 663 1412 et
680 1370 846 1424 pupulo
867 1374 968 1408 sunt
986 1367 1188 1420 propria,
1215 1371 1259 1405 et
1277 1377 1347 1405 ce-

43 1438 141 1473 tera
158 1430 435 1479 huiusmodi3
471 1442 584 1483 quae
606 1429 691 1467 nisi
712 1426 938 1466 hominum
955 1423 1161 1462 instituta
1181 1426 1347 1469 essent,

44 1502 131 1528 non
156 1500 236 1540 per
259 1486 465 1526 diversos
489 1485 679 1537 pupulos
707 1483 828 1521 varia
856 1484 1027 1527 essent,
1065 1490 1144 1516 nee
1170 1479 1211 1516 in
1237 1476 1347 1528 ipsis

45 1544 235 1597 singulis
257 1542 434 1596 populis
459 1554 538 1593 pro
566 1539 752 1578 arbitrio
782 1548 965 1577 suorum
988 1534 1235 1586 principum
1256 1545 1346 1571 mu-

44 1605 260 1640 tarentur.
321 1598 411 1638 Sed
435 1595 545 1636 haec
571 1601 669 1636 tota
687 1606 787 1646 pars
807 1591 1097 1632 humanorum
1120 1588 1346 1628 instituto-

43 1668 155 1703 rum,
176 1666 288 1707 quae
308 1654 363 1693 ad
383 1667 508 1693 usum
527 1653 646 1691 vitae
668 1648 974 1689 necessarium
992 1645 1250 1698 proficiunt,
1271 1655 1344 1682 ne-

44 1724 264 1765 quaquam
284 1716 351 1749 est
373 1707 589 1761 fugienda
600 1705 873 1754 Christiano,
894 1704 1028 1743 immo
1049 1702 1183 1740 etiam
1209 1712 1343 1752 quan·

41 1773 136 1808 tum
156 1767 265 1806 satis
286 1771 355 1805 est
374 1764 589 1804 intuenda
606 1762 910 1813 memoriaque
929 1756 1178 1798 retinenda.

99 1823 145 1862 C.
167 1821 328 1862 xxvi.
389 1819 661 1860 Adumbrata
685 1817 799 1856 enim
826 1813 1042 1868 quaedam
1071 1818 1115 1852 et
1133 1811 1343 1851 naturali-

40 1879 124 1918 bus
146 1885 383 1929 utcumque
403 1876 569 1915 similia
587 1873 812 1913 huminum
840 1871 1050 1910 instituta
1075 1874 1196 1914 sunt,
1238 1864 1343 1919 quo-

41 1946 138 1974 rum
158 1946 224 1983 ea,
258 1944 370 1986 quae
390 1933 445 1971 ad
464 1931 752 1976 societatem,
789 1933 836 1967 ut
854 1926 1019 1966 dictum
1044 1928 1131 1970 est,
1167 1922 1344 1962 daemo-

41 2003 145 2030 num
161 1991 398 2043 pertinent,
412 1987 588 2040 penitus
601 1982 878 2037 repudianda
890 1986 992 2022 sunt
1003 1986 1046 2020 et
1057 1977 1345 2027 detestanda3

45 2058 99 2086 ea
116 2057 244 2092 vero,
278 2056 390 2097 quae
411 2042 613 2083 homines
643 2053 740 2081 cum
767 2037 1021 2077 hominibus
1051 2033 1236 2082 habent,
1271 2032 1345 2072 ad-

45 2099 286 2148 sumenda,
320 2100 365 2138 in
386 2104 598 2151 quantum
623 2109 711 2135 non
736 2099 838 2134 sunt
861 2092 1094 2132 luxuriosa
1116 2094 1248 2141 atque
1275 2102 1344 2128 su-

42 2155 234 2209 peffiua,
270 2160 314 2193 et
341 2155 532 2194 maxime
563 2152 792 2191 literarum
827 2149 1019 2202 figurae,
1054 2145 1149 2183 sinc
1185 2144 1345 2198 quibus

45 2212 198 2264 legere
220 2222 307 2250 non
327 2222 584 2262 possumus,
614 2207 954 2260 linguarumque
974 2201 1184 2250 varietas,
1211 2212 1346 2252 quan-
