1503 2465
119 112 200 151 220
480 108 715 152 AURELH
746 106 1063 149 AUGUSTINI

177 194 223 234 C.
243 192 446 234 LXXIV.
506 193 597 232 Iam
621 205 727 232 vero
749 192 821 244 qui
849 204 947 231 eum
962 221 972 240 ,
996 191 1041 230 in
1061 202 1189 244 quem
1209 191 1428 243 peccavit,

121 248 345 289 hominem
372 253 528 302 rogat,
564 249 599 288 si
626 255 812 302 peccato
841 260 922 287 suo
948 253 1173 296 movetur,
1209 251 1257 285 ut
1282 252 1428 298 roget,

117 318 209 344 non
230 311 299 343 est
317 304 461 344 adhue
477 305 759 357 deputandus
778 304 1007 351 inimicus,
1044 308 1092 341 ut
1117 314 1215 341 eum
1237 301 1428 353 diligere

119 361 180 400 sit
206 361 414 411 difficile,
445 360 562 399 sicut
589 359 770 399 difficile
806 364 921 406 erat,
957 357 1134 410 quando
1169 357 1429 396 inimicitias

119 417 376 456 exercebat.
440 416 653 468 Quisquis
690 420 837 454 autem
871 413 1052 466 roganti
1081 417 1125 452 et
1154 411 1327 465 peccati
1361 411 1431 451 sui

116 473 372 525 poenitenti
390 484 478 511 non
498 483 553 511 ex
572 470 708 510 corde
730 469 936 517 dimittit,
968 468 1091 508 nullo
1118 467 1252 507 modo
1274 467 1428 507 existi-

117 533 210 567 met
231 539 256 566 a
273 526 468 566 Domino
489 539 569 566 sua
594 533 780 579 peccata
799 525 982 574 dimitti;
1015 523 1223 576 quoniam
1248 522 1429 561 mentiri

117 584 287 622 veritas
311 595 399 621 non
427 588 592 634 potest.
656 582 797 629 Quem
821 592 929 619 vero
952 580 1092 619 lateat
1111 577 1335 630 evangelii
1355 590 1429 616 au-

121 638 315 678 ditorem
341 639 434 677 sire
461 638 701 686 lectorem,
729 637 827 690 quis
855 635 1041 674 dixerit:
1075 633 1178 687 Ego
1204 646 1295 672 sum
1319 631 1427 672 veri-

119 694 264 744 tas?1)
288 693 372 740 Qui
396 706 526 746 quum
544 693 774 732 docuisset
793 688 1154 739 rationem,hanc
1172 689 1215 727 in
1237 700 1289 727 ea
1309 688 1428 741 posi·

119 755 209 789 tam
235 751 503 788 sententiam
529 747 822 787 vehementer
846 745 1174 786 commendavit
1194 744 1346 783 dicens
1362 745 1425 792 2);

120 804 170 844 Si
187 803 297 843 enim
316 803 563 844 dimiseritis
580 802 1019 855 hominibnspeecata
1044 812 1213 848 eoram,
1242 797 1429 837 dimittet

120 867 164 900 et
180 859 297 899 vobis
310 867 441 912 paler
461 867 596 899 vester
614 857 804 898 eoelestis
826 857 981 896 delicta
999 863 1154 895 vestra.
1214 853 1263 893 Si
1284 860 1427 893 antem

118 929 206 955 non
233 914 478 954 dimiseritis
503 914 765 962 hominibus,
802 926 880 953 nec
902 918 1035 965 pater
1068 917 1206 950 vester
1243 908 1430 948 dimittet

118 970 433 1023 vobispeceata
459 978 611 1010 vestra.
670 969 734 1008 Ad
753 974 843 1008 tam
860 979 1068 1021 magnum
1087 966 1334 1006 tonitruum
1353 965 1429 1017 qui

120 1039 209 1066 non
230 1027 583 1079 expergiscitur,
613 1038 701 1064 non
723 1024 908 1073 dormit,
937 1023 1017 1063 sed
1035 1027 1235 1062 mortuus
1256 1025 1348 1071 est3
1384 1025 1429 1059 et

119 1088 268 1122 tamen
289 1088 450 1133 potens
471 1086 540 1121 est
556 1081 648 1130 ille,
677 1081 811 1119 etiam
830 1084 1033 1118 mortuos
1054 1077 1290 1117 suscitare.

177 1138 224 1176 C.
251 1137 433 1177 LXXV.
494 1137 610 1177 Sane
645 1137 718 1188 qui
753 1133 1104 1174 sceleratissime
1137 1133 1309 1179 vivunt,
1345 1143 1428 1169 nec

123 1199 281 1233 curant
299 1193 432 1232 talem
451 1193 585 1231 vitam
605 1203 844 1243 moresque
861 1189 1110 1242 corrigere,
1132 1193 1177 1227 et
1194 1190 1313 1226 inter
1331 1187 1429 1239 ipsa

120 1248 328 1289 facinora
367 1255 413 1288 et
452 1247 626 1300 flagitia
674 1259 755 1286 sua
790 1247 1104 1297 eleemosynas
1139 1242 1428 1295 frequentare

122 1317 210 1344 non
233 1309 431 1352 cessant,
465 1302 636 1342 frustra
652 1303 756 1342 ideo
777 1301 860 1341 sibi
880 1300 1192 1348 blandiuntur,
1219 1298 1427 1350 quoniam

122 1359 344 1399 Dominus
379 1359 516 1408 ait³):
557 1357 674 1398 Date
709 1358 1034 1409 eleemosynam,
1077 1361 1119 1393 et
1154 1366 1248 1393 ecce
1285 1351 1429 1392 omnia

122 1416 283 1454 munda
299 1422 401 1453 sant
416 1413 546 1454 vobis.
608 1413 710 1452 Hoc
737 1413 852 1451 enim
873 1424 1001 1464 quam
1028 1411 1118 1449 late
1144 1412 1316 1462 pateat,
1340 1422 1428 1447 non

121 1471 397 1523 intelligunt.
466 1469 556 1510 Sed
588 1474 638 1508 ut
668 1468 945 1520 intelligant,
988 1465 1233 1505 adtendant
1270 1463 1428 1516 quibus

125 1526 305 1566 dixerit.
380 1524 550 1577 Nempe
582 1525 627 1564 in
662 1523 898 1575 evangelio
934 1523 999 1561 sic
1033 1521 1247 1572 scriptum
1285 1517 1427 1568 est4):

129 1579 270 1631 Quam
288 1582 550 1633 loqueretur,
570 1578 747 1633 rogavit
762 1578 879 1618 illam
900 1576 1070 1631 qnidam
1087 1574 1361 1623 Pharisaeus,
1382 1580 1432 1612 ut

116 1637 359 1691 pranderet
389 1637 505 1689 apud
535 1649 591 1675 se.
651 1634 717 1675 Et
744 1634 963 1687 ingressa-3
996 1630 1205 1673 recubuit.
1271 1628 1426 1669 Plcari-

122 1705 246 1732 saetis
273 1698 414 1731 antem
434 1691 573 1744 eoepit
589 1690 707 1730 intra
724 1703 766 1729 se
783 1695 986 1742 reputans
1005 1687 1165 1733 dicere,
1193 1698 1325 1738 qnare
1343 1698 1428 1724 non

126 1747 372 1800 baptizatus
399 1755 507 1786 esset
529 1754 629 1786 aiere
652 1744 902 1798 prandium.
961 1742 1027 1783 Et
1048 1742 1112 1781 ait
1138 1740 1349 1780 Dominus
1374 1739 1431 1779 ad

125 1803 241 1843 illam
256 1818 268 1842 .·
299 1801 425 1841 Nunc·
443 1815 527 1850 vos,
554 1800 804 1848 Pharisaei,
834 1799 949 1852 qaod
964 1797 1126 1853 deforis
1145 1803 1207 1835 est
1225 1795 1367 1835 calicis
1387 1801 1430 1834 et

127 1858 280 1906 catini,
308 1857 552 1905 mandatis;
583 1857 698 1909 qaod
714 1863 857 1898 autem
879 1854 994 1894 intas
1018 1859 1081 1893 est
1101 1859 1308 1900 vestrum,
1338 1851 1425 1903 ple-

126 1927 226 1954 ηιιηι
247 1921 308 1954 est
332 1912 487 1966 rapina
510 1920 550 1951 et
574 1910 819 1963 iniquitate.
880 1908 1030 1957 Stulti,
1058 1920 1197 1946 nonne
1225 1905 1431 1960 qaifecit

126 1969 184 2019 id,
206 1968 447 2023 qnadforis
465 1975 538 2017 est,
556 1967 685 2008 etiam
699 1966 744 2006 id
754 1965 993 2019 qaodintus
1007 1961 1216 2017 estfecit?
1236 1961 1427 2015 [Videte

133 2156 294 2235 Ηιὲγσῑ.
316 2154 391 2188 [oh.
413 2158 462 2195 14,
483 2157 514 2189 σ.
564 2153 904 2197 2)Mat.o,14.15.
956 2149 994 2193 3)
1013 2151 1236 2188 Lue.11‚4=.
1286 2147 1428 2190 mm.

175 2226 183 2241 ,
250 2214 322 2235 .ss.
