1503 2465
229 99 309 139 DE
340 98 642 139 DOCTRINA
675 98 906 139 CHPAST.
966 99 1079 139 Llss.
1112 98 1186 139 Ill.
1307 98 1359 139 95

55 183 132 224 hat
162 183 402 235 voragines
425 181 723 235 flagitiorum,
758 187 834 221 aut
859 183 902 221 in
936 181 1186 222 facinorum
1225 182 1361 222 etiam

55 252 165 280 saxa
183 238 384 278 collidat.
446 237 640 278 Videant
660 249 792 290 erga,
820 251 951 290 quam
976 238 1062 278 sibi
1089 238 1276 277 arduum
1303 240 1362 278 sit

55 302 188 348 atque
209 294 406 342 difficile,
426 306 508 332 nee
528 293 673 332 laudis
695 306 800 333 esea
819 294 946 343 illici,
966 306 1048 333 nec
1069 293 1361 333 contumelia-

53 363 151 390 rum
180 349 349 389 aculeis
370 349 620 401 penetrari3
656 354 701 388 et
719 362 806 388 non
826 361 880 388 ex
899 362 946 388 se
966 349 1082 389 alios
1101 349 1359 389 metiantur.

110 406 157 446 Ε.
182 405 280 444 XX.
343 404 539 443 Credant
562 404 737 457 potius,
771 405 1007 456 apostolos
1042 411 1244 453 nostros,
1278 417 1362 444 nee

54 474 187 514 quum
207 461 543 512 suspicerentur
560 459 614 498 ab
634 458 889 499 hominibus
909 459 1089 499 inflatos
1105 459 1262 510 fuisse,
1278 472 1362 499 nec

54 530 186 569 quum
206 517 547 568 despicerentur
571 515 725 555 elisos.
786 515 959 554 Neutra
979 517 1140 569 quippe
1166 516 1359 555 tentatio

53 572 197 612 defuit
219 572 311 612 illis
340 572 460 611 viris.
520 569 632 610 Nam
659 576 703 610 et
721 571 999 611 credentium
1019 572 1363 611 celebrabantur

51 627 321 680 praeconio,
347 632 392 666 et
415 629 781 679 persequentium
804 627 1058 666 maledictis
1084 626 1360 667 infamaban-

50 690 136 724 tur.
191 683 315 724 Sicut
335 695 443 735 ergo
462 683 539 722 isti
557 695 636 735 pro
651 688 855 735 tempore
874 683 1115 722 utebantur
1133 681 1200 723 his
1221 683 1360 722 omni-

49 739 154 788 bus,
189 745 234 778 et
263 752 349 778 non
375 738 796 791 corrumpebantur,
832 739 897 778 sie
917 739 984 789 illi
1005 745 1201 786 veteres,
1233 751 1358 777 usum

49 794 317 834 feminarum
333 794 387 833 ad
404 794 473 834 sui
486 794 702 847 temporis
716 794 1074 834 convenientiam
1090 793 1358 843 referentes,

49 865 139 891 non
158 850 446 903 patiebantur
464 861 559 889 eam
570 851 922 889 dominationem
941 850 1156 899 libidinis,
1177 850 1245 889 cui
1267 862 1357 889 ser-

47 910 175 946 viunt
199 907 270 958 qui
300 908 387 945 ista
415 918 503 944 non
533 905 733 945 credunt.
794 905 851 945 Et
874 906 978 944 ideo
1005 906 1083 945 isti
1106 918 1206 945 sese
1234 905 1356 945 nullo

48 963 183 1002 modo
204 961 469 1001 cohiberent
492 960 546 1000 ab
564 961 829 1014 inexpiabili
851 961 955 1001 odio
978 961 1194 1010 filiorum,
1220 974 1246 1000 a
1263 962 1356 1014 qui-

48 1018 130 1057 bus
159 1018 231 1057 vel
261 1029 424 1057 uxores
452 1017 524 1056 vel
547 1018 821 1057 concubinas
850 1031 955 1058 suas
992 1017 1246 1056 adtentatas
1281 1024 1358 1056 aut

47 1074 325 1113 adtrectatas
351 1084 450 1112 esse
476 1079 830 1125 cognoscere-nt,
864 1073 900 1112 si
929 1073 994 1111 eis
1022 1072 1140 1112 forte
1168 1073 1258 1112 tale
1278 1072 1356 1111 ali-

48 1129 154 1182 quid
174 1129 430 1168 accidisset.

105 1185 150 1223 Ε.
173 1185 292 1224 XXI.
354 1184 450 1223 Rex
467 1191 615 1223 autem
632 1182 778 1224 David
801 1197 934 1236 quum
953 1182 1038 1223 hoc
1057 1183 1110 1223 ab
1130 1186 1266 1235 impio
1294 1189 1357 1223 at-

47 1253 132 1295 que
153 1240 333 1279 immani
355 1240 446 1278 filio
466 1252 624 1291 passus
646 1244 783 1289 esset,
797 1252 885 1279 non
902 1239 1047 1278 solum
1059 1239 1355 1279 ferocientem

46 1296 284 1343 toleravit,
312 1295 390 1334 sed
421 1295 554 1334 etiam
582 1295 755 1347 planxit
773 1295 1057 1335 exstinctum.
1118 1295 1217 1335 lN'on
1239 1297 1355 1334 enim

48 1352 220 1392 carnali
255 1352 355 1390 zelo
389 1352 592 1390 irretitus
617 1351 874 1399 tenebatur,
912 1363 1042 1403 quem
1069 1351 1192 1389 nullo
1219 1351 1354 1390 modo

47 1408 239 1448 iniuriae
259 1418 388 1454 suae,
421 1406 499 1445 sed
520 1412 702 1459 peecata
723 1406 800 1445 filii
827 1406 1181 1445 commovebant.
1243 1405 1355 1445 Nam

48 1463 170 1512 ideo,
191 1464 227 1502 si
249 1463 527 1510 vinceretur,
554 1474 652 1501 eum
673 1461 818 1501 occidi
840 1460 1156 1514 prohibuerat,
1186 1467 1231 1501 ut
1250 1462 1355 1500 edo-

49 1521 158 1559 mito
181 1525 439 1558 servaretur
457 1517 718 1569 poenitendi
739 1517 886 1566 locus3
907 1523 952 1557 et
965 1518 1069 1570 quia
1086 1531 1173 1557 non
1193 1515 1353 1569 potuit,

51 1589 139 1614 non
159 1574 397 1614 orbitatem
421 1573 566 1612 ‹loluit
585 1573 629 1611 in
649 1573 744 1612 eius
764 1573 971 1622 interitu,
1000 1574 1079 1613 sed
1098 1579 1286 1612 noverat
1312 1573 1357 1612 in

50 1643 159 1683 quas
184 1643 354 1682 poenas
382 1636 472 1668 tam
498 1629 634 1680 impie
659 1629 864 1668 adultera
892 1635 935 1668 et
959 1628 1244 1681 parricidalis
1264 1629 1356 1668 ani-

48 1698 122 1725 ma
140 1691 388 1738 raperetur.
410 1687 445 1734 ¹)
506 1683 706 1736 Namque
727 1684 818 1724 alio
841 1685 961 1736 prius
984 1685 1099 1733 filio,
1132 1685 1206 1737 qui
1230 1685 1356 1723 inno-

51 1754 157 1781 cens
177 1746 286 1789 erat,
307 1754 386 1793 pro
408 1753 494 1792 quo
515 1745 781 1792 aegrotante
800 1739 1115 1792 adfligebatur,
1136 1741 1355 1779 moriente

49 1797 246 1836 laetatus
266 1803 347 1836 est.
362 1798 403 1845 2)
467 1795 530 1833 lfflx
550 1794 634 1834 hoc
653 1796 842 1835 maxime
862 1797 1066 1848 adparet,
1098 1808 1184 1849 qua
1204 1795 1357 1835 mode-

50 1853 226 1892 ratione
260 1865 312 1891 ac
346 1852 644 1903 temperantia
678 1851 742 1890 illi
780 1853 860 1891 viri
896 1851 1076 1891 feminis
1103 1852 1356 1898 utebantur,

52 1908 186 1960 quod,
208 1921 337 1960 quum
359 1908 400 1946 in
424 1920 551 1945 unam
575 1907 732 1946 illicite
752 1907 960 1947 irruisset
979 1920 1057 1947 rex
1076 1907 1207 1955 idem,
1229 1911 1358 1945 aestu

51 1963 245 2014 quodam
275 1963 436 2002 aetatis
465 1969 510 2001 et
536 1963 847 2013 temporalium
874 1975 1020 2002 rerum
1048 1960 1356 2015 prosperitati-

50 2018 132 2057 bus
154 2019 379 2070 abreptus,
397 2018 522 2056 euius
543 2018 675 2056 etiam
695 2020 900 2057 maritum
918 2018 1213 2058 occidendum
1231 2028 1356 2070 prae-

52 2080 253 2126 ceperat,
286 2073 526 2113 adeusatus
547 2079 616 2113 est
634 2086 713 2126 per
733 2073 1021 2127 prophetam,
1056 2074 1130 2127 qui
1149 2086 1281 2127 quum
1300 2070 1358 2112 ad

100 2195 134 2231 ι)
156 2190 213 2222 (tf.
231 2194 251 2223 2
270 2189 366 2222 Sam.
388 2192 437 2228 16,
458 2193 508 2223 22.
538 2192 590 2227 is,
611 2192 642 2222 5.
672 2193 774 2229 19‚1.
824 2191 862 2234 2)
885 2191 943 2227 Cf.
960 2195 980 2225 2
999 2191 1093 2225 Sam.
1120 2194 1168 2230 12,
1192 2194 1241 2224 19.
1262 2202 1309 2224 ss.
