1503 2465
127 143 179 184 86
486 145 722 185 AURELII
751 146 1067 187 AUGUSTIM

127 231 250 268 tione
272 227 394 280 gravi
426 229 599 268 onerati
625 243 798 277 sumus,
833 231 912 269 sed
937 231 1155 283 quaedam
1179 245 1322 284 pauca
1345 246 1425 286 pro

125 283 292 331 multis,
312 283 557 335 eademque
576 284 699 324 factu
718 284 948 333 facillima,
979 291 1023 325 et
1039 287 1273 328 intellectu
1292 302 1427 342 augu-

126 338 339 385 stissima,
361 344 406 377 et
423 338 739 378 observatione
760 341 1012 380 castissima
1029 342 1125 394 ipse
1146 343 1364 384 Dominus
1384 350 1430 384 et

129 393 385 445 apostolica
403 394 589 433 tradidit
609 395 864 448 disciplina,
897 397 1031 435 sicuti
1050 404 1118 437 est
1135 398 1343 451 baptismi
1362 412 1429 439 sa-

129 453 424 497 cramentum,
451 454 494 488 et
522 450 767 490 celebratio
796 453 999 504 corporis
1027 458 1071 491 et
1089 455 1317 506 sanguinis
1339 454 1428 493 Do-

127 505 249 543 mini.
278 503 403 550 Quae
422 517 532 543 unus
552 506 739 558 quisque
760 519 890 558 quum
909 508 1113 559 percipit,
1126 522 1210 561 quo
1231 509 1427 549 referan-

127 565 200 598 tur
217 559 411 598 imbutus
432 561 650 612 agnoscit,
669 566 718 599 ut
736 574 789 600 ea
807 574 892 600 non
914 563 1080 601 carnali
1099 565 1330 614 servitute,
1349 565 1428 604 sed

128 614 321 666 spiritali
351 615 499 666 potius
533 615 742 655 libertate
766 622 1018 656 veneretur.
1078 619 1135 658 Ut
1159 625 1305 659 autem
1330 621 1427 659 lite-

126 682 221 708 ram
241 671 384 721 sequi,
406 676 450 708 et
468 670 597 722 signa
614 683 694 723 pro
714 671 866 721 rebus,
886 685 998 724 quae
1018 673 1082 712 eis
1102 675 1427 726 significantur,

129 725 334 777 accipere
361 725 537 764 servilis
557 726 829 766 infirmitatis
858 733 944 766 est:
972 728 1035 767 ita
1062 729 1281 769 inutiliter
1299 731 1428 783 signa

125 781 416 831 interpretari
439 780 554 819 male
578 782 782 834 vagantis
816 783 983 822 erroris
1018 791 1099 823 est.
1161 785 1244 832 Qui
1279 792 1427 824 autem

126 847 217 874 non
243 835 479 888 intelligit,
512 837 617 887 quid
644 837 869 889 significet
890 838 1085 891 signum,
1121 846 1166 879 et
1197 846 1345 879 tamen
1371 842 1426 880 si-

127 902 263 942 gnum
299 903 398 930 esse
432 892 668 944 intelligit,
703 905 785 931 nec
818 893 915 945 ipse
949 895 1163 946 premitur
1193 897 1423 936 servitute.

126 946 291 985 Melius
311 952 379 985 est
397 951 544 986 autem
573 947 641 986 vel
669 948 805 998 premi
833 949 1098 1001 incognitis,
1133 951 1213 990 sed
1240 951 1426 991 utilibus

128 1002 292 1054 signis,
319 1014 449 1053 quam
472 1001 692 1042 inutiliter
716 1016 769 1042 ea
792 1003 1130 1055 interpretando
1161 1019 1186 1045 a
1209 1007 1315 1059 iugo
1335 1019 1425 1047 ser-

126 1057 283 1096 vitutis
308 1057 511 1096 eductam
535 1059 753 1097 cervicem
773 1059 948 1111 laqueis
970 1062 1136 1101 erroris
1154 1063 1370 1102 inserere.

189 1112 235 1150 C.
266 1112 319 1151 X.
388 1113 506 1152 Huic
547 1119 694 1153 autem
731 1114 1060 1164 observationi,
1101 1129 1186 1169 qua
1218 1130 1424 1157 cavemus

127 1168 362 1220 figuratam
379 1168 675 1218 locutionem,
710 1169 756 1208 id
777 1175 866 1218 est,
900 1171 1161 1211 translatam
1181 1175 1304 1225 quasi
1324 1185 1423 1225 pro-

125 1225 267 1274 priam
288 1224 435 1276 sequi,
461 1225 747 1274 adiungenda
766 1226 900 1264 etiam
919 1226 1000 1265 illa
1018 1233 1106 1276 est,
1125 1240 1178 1267 ne
1198 1229 1425 1281 propriam

125 1280 251 1330 quasi
281 1279 514 1330 figuratam
538 1280 725 1320 velimus
752 1282 973 1332 accipere.
1037 1282 1423 1323 Demonstrandus

126 1340 195 1373 est
220 1334 360 1387 igitur
383 1336 504 1387 prius
528 1335 685 1375 modus
711 1337 1007 1376 inveniendae
1025 1338 1291 1388 locutionis,
1323 1351 1423 1391 pro-

124 1390 280 1443 priane
310 1401 364 1428 an
393 1391 585 1443 figurata
610 1391 681 1431 sit.
743 1392 800 1431 Et
823 1393 911 1431 iste
935 1394 1113 1433 omnino
1146 1395 1305 1434 modus
1339 1401 1423 1443 est,

123 1450 193 1494 ut,
247 1446 508 1497 quidquid
552 1447 601 1485 in
645 1458 888 1486 sermone
933 1448 1117 1487 divino
1160 1463 1325 1502 neque
1362 1451 1423 1490 ad

124 1512 319 1540 morum
352 1499 713 1551 honestatem,
751 1515 920 1555 neque
959 1504 1019 1542 ad
1056 1504 1191 1544 fidei
1228 1505 1422 1544 verita-

125 1563 227 1595 tem
256 1557 474 1609 proprie
506 1556 699 1596 referri
739 1563 940 1610 potest,
979 1558 1268 1612 figuratum
1306 1572 1422 1600 esse

126 1624 440 1664 cognoscas.
490 1613 689 1651 Morum
721 1612 975 1653 honestas
1008 1615 1068 1653 ad
1091 1615 1422 1668 diligendum

124 1666 289 1706 Deum
322 1672 372 1706 et
401 1670 716 1719 proximum,
750 1668 882 1708 fidei
909 1670 1109 1710 veritas
1142 1671 1201 1710 ad
1234 1681 1422 1723 cogno-

124 1722 374 1761 scendum
404 1723 565 1761 Deum
596 1729 649 1762 et
678 1726 968 1775 proximum
1001 1728 1246 1778 pertinet.
1311 1726 1423 1778 Spes

124 1783 273 1817 autem
291 1790 372 1817 sua
391 1779 549 1831 cuique
576 1784 643 1817 est
666 1779 709 1817 in
736 1781 1015 1819 conscicntia
1039 1783 1239 1833 propria,
1274 1794 1422 1834 quem-

123 1832 362 1872 admodum
400 1846 447 1872 se
478 1834 615 1872 sentit
647 1834 702 1873 ad
737 1834 1024 1874 dilectionem
1048 1836 1132 1875 Dei
1165 1843 1209 1877 et
1231 1837 1424 1888 proximi

125 1889 519 1941 cognitionemque
548 1889 778 1942 perficere.
838 1890 905 1928 De
931 1892 1088 1943 quibus
1115 1893 1318 1931 omnibus
1337 1894 1423 1944 pri-

122 1956 194 1982 mo
222 1944 336 1982 libro
364 1944 530 1983 dictum
551 1949 632 1983 est.
696 1944 782 1985 Sed
801 1946 1007 1996 quoniam
1035 1948 1229 1999 proclive
1257 1953 1325 1986 est
1348 1946 1424 1986 hu-

122 2011 299 2038 manum
319 2011 482 2051 genus,
508 2012 593 2037 non
612 2011 666 2038 ex
683 2002 921 2040 momentis
940 2002 1078 2053 ipsius
1098 2002 1318 2051 libidinis,
1344 2002 1425 2041 sed

122 2055 274 2107 potius
295 2066 402 2093 suae
423 2054 762 2094 consuetudinis
781 2058 1018 2095 aestimare
1037 2064 1236 2108 peccata,
1267 2058 1313 2096 fit
1333 2058 1424 2110 ple-

122 2121 325 2160 rumque,
344 2115 392 2148 ut
410 2111 596 2162 quisque
616 2108 841 2149 bominum
863 2124 914 2150 ea
928 2117 1098 2151 tantum
1120 2113 1341 2164 culpanda
1357 2125 1423 2152 ar-

123 2163 335 2212 bitretur,
363 2177 475 2217 quae
496 2177 601 2203 suae
623 2166 824 2217 regionis
846 2172 890 2205 et
906 2168 1121 2219 temporis
1142 2166 1344 2207 homines
1365 2168 1424 2206 vi-

124 2225 334 2273 tuperare
353 2226 486 2272 atque
509 2220 716 2259 damnare
737 2229 1084 2273 consueverunt,
1120 2229 1164 2263 et
1182 2235 1235 2264 ea
1251 2228 1424 2264 tantum
