1503 2465
361 478 1023 548 PRAEFATIO.

41 696 282 760 Aurelius
306 716 600 778 Augustinus
625 731 716 774 quo
744 717 936 759 maioris
970 716 1062 760 fuit
1094 715 1350 758 auctorita—

44 787 106 831 tis
130 787 178 829 in
203 786 395 844 antiqua
421 786 621 829 ecclesia
640 784 809 828 Latina
834 792 879 828 et
903 799 985 843 per
1008 793 1155 829 totum
1183 799 1351 827 aevum

43 853 270 908 medium,
307 869 359 897 eo
383 855 567 913 saepius
589 868 729 912 opera
754 855 854 897 eius
882 853 1116 913 descripta
1142 860 1187 896 et
1210 854 1350 896 innu-

43 925 185 967 meris
213 923 435 982 exemplis
461 937 543 981 per
566 937 727 966 omnes
753 931 902 966 terras
930 922 1246 966 occidentales
1280 920 1346 963 di-

42 993 234 1054 vulgata
259 1000 384 1035 sunt.
456 989 526 1035 Ita
551 991 843 1048 factumest,
877 991 996 1050 quod
1034 1007 1128 1035 non
1162 991 1347 1044 mirum,

44 1069 95 1104 ut
127 1069 258 1119 pater
290 1060 581 1104 clarissimus
606 1059 905 1104 librariorum
932 1069 977 1104 ct
1003 1062 1184 1103 incuria
1210 1067 1254 1103 et
1276 1060 1351 1102 in-

45 1131 180 1173 scitia
215 1144 350 1188 quam
381 1130 583 1172 maxime
614 1138 1015 1188 corrumperetur,
1062 1138 1114 1173 ut
1143 1129 1236 1172 alia
1268 1143 1350 1187 pro

45 1197 237 1242 arbitrio
264 1205 583 1253 mutarentur,
623 1198 717 1242 alia
740 1199 1101 1254 omitterentur,
1140 1198 1234 1242 alia
1268 1195 1350 1240 ad-

46 1266 294 1321 derentur,
343 1282 395 1312 ac
427 1264 512 1310 vix
543 1268 788 1327 quisquam
822 1269 1099 1326 scriptorum
1133 1267 1352 1325 antiquo-

44 1351 145 1379 rum
182 1344 413 1392 exstaret,
450 1337 500 1379 in
526 1352 618 1396 quo
647 1344 780 1380 tanta
812 1338 1074 1395 scripturae
1100 1335 1351 1379 diversitas

45 1403 359 1449 inveniretur.
434 1403 527 1449 Sed
560 1420 840 1465 quamquam
874 1407 1058 1449 saeculo
1088 1403 1216 1448 XVI.
1251 1400 1350 1446 loh.

46 1470 346 1518 Amorbachii
370 1473 653 1517 Basileensis
679 1483 725 1518 et
747 1472 857 1518 Des.
878 1473 1065 1518 Erasini
1090 1472 1279 1528 studiis‚
1306 1481 1353 1517 et

47 1558 163 1586 saec.
191 1540 346 1585 XVII.
374 1542 787 1587 Benedictinorum
812 1542 1150 1588 monachorum
1179 1559 1202 1585 e
1238 1557 1352 1586 con-

47 1613 325 1672 gregatione
355 1610 428 1657 Sti
462 1611 618 1657 Mauri
648 1615 903 1658 multorum
943 1612 1167 1657 librorum
1211 1626 1352 1655 manu

48 1683 330 1738 scriptorum
365 1682 619 1725 collatione
657 1689 814 1726 textus
853 1682 909 1727 ab
946 1681 1281 1725 additamentis
1306 1688 1353 1723 et

46 1751 175 1792 vitiis
207 1751 417 1808 plurimis
454 1759 683 1812 purgatus
718 1760 811 1805 est,
857 1759 1018 1795 tamen
1048 1758 1229 1794 restant
1258 1750 1351 1794 loci

46 1816 168 1861 haud
198 1819 355 1876 pauci,
403 1820 482 1878 qui
514 1834 636 1864 nova
674 1828 720 1864 et
756 1821 1044 1864 accuratiori
1087 1828 1349 1878 perscruta—

48 1889 174 1930 tione
208 1888 371 1931 critica
400 1887 661 1950 indigeant.
733 1887 837 1933 Hoc
871 1891 1108 1949 suscipere
1142 1904 1256 1947 opus
1283 1896 1354 1933 est

45 1970 158 1999 sane
197 1955 375 2017 grande
410 1965 456 2001 et
490 1957 709 2012 arduum,
757 1966 803 2002 et
849 1957 999 2003 adhuc
1038 1957 1349 2009 desideratur,

47 2026 127 2082 qui
164 2024 382 2068 subsidiis
424 2027 602 2070 criticis
643 2035 688 2070 et
725 2029 895 2072 mentis
933 2029 1190 2090 sagacitate
1235 2029 1349 2072 satis

46 2094 303 2137 instructus
329 2094 534 2139 doctoris
561 2097 831 2157 gravissimi
857 2096 991 2141 libris
1018 2096 1134 2140 hanc
1162 2112 1349 2156 operam

52 2162 306 2220 impendat}
335 2165 423 2207 etsi
446 2166 780 2209 recentissimis
807 2166 1093 2226 temporibus
1120 2166 1175 2210 ad
1194 2165 1348 2211 studia

1040 2253 1051 2279 i
