1503 2465
240 118 319 158 DE
349 116 654 158 DOCTRINA
686 117 916 158 CHRIST.
976 116 1091 161 LIB.
1122 116 1175 156 II.
1305 118 1357 158 53

55 215 184 257 quam
211 203 393 243 illorum
421 203 564 242 oculis
591 203 1028 252 demonstraverant3
1064 202 1143 242 sed
1171 203 1274 255 quia
1293 201 1355 242 fa-

54 259 141 299 cile
167 264 264 298 erat
282 259 640 298 animadvertere
672 270 849 297 omnem
868 270 1047 305 sonum,
1084 270 1198 310 quae
1218 266 1355 299 mate-

51 316 143 355 ries
165 315 488 354 cantilenarum
506 320 594 364 est,
627 313 880 354 triformem
909 326 1008 353 esse
1037 321 1211 354 natura.
1270 315 1358 354 Aut

54 371 172 412 enim
191 383 300 410 voce
321 371 482 419 editur,
503 371 635 410 sicuti
656 381 812 409 eorum
832 374 914 418 est,
936 371 1010 423 qui
1028 368 1235 410 faucibus
1257 371 1354 410 sine

54 439 225 480 organo
245 432 428 475 canant3
453 432 529 465 aut
552 425 672 474 flatu,
697 426 813 465 sicut
832 425 1038 465 tubarum
1059 432 1103 465 et
1121 426 1355 477 tibiarum3

52 491 129 522 aut
146 483 297 536 pulsu,
324 483 442 522 sicut
459 482 504 521 in
523 481 707 522 citharis
728 487 772 521 et
790 483 1038 534 tympanis,
1069 488 1114 521 et
1138 482 1355 535 quibusli-

51 538 128 578 bet
146 538 269 586 aliis,
302 549 415 591 quae
434 538 729 590 percutiendo
752 551 918 576 canora
938 544 1054 577 sunt.

107 594 154 635 C.
174 594 334 634 XVlll.
397 593 486 634 Sed
510 595 604 634 sive
630 594 695 633 ita
719 605 766 633 se
793 592 958 633 habeat
981 593 1101 646 quod
1118 592 1263 634 Varro
1290 606 1356 633 re-

48 650 172 699 tulit,
208 652 302 702 sive
321 662 411 689 non
430 650 514 699 ita,
548 662 632 689 nos
651 655 800 689 tamen
820 662 907 689 non
937 654 1119 702 propter
1144 651 1358 703 supersti-

45 707 217 746 tionem
253 705 544 758 profanorum
576 705 790 745 debemus
830 706 1045 745 musicam
1084 704 1268 758 fugere,
1319 706 1359 745 si

49 761 158 815 quid
189 762 294 802 inde
325 761 435 801 utile
472 762 527 801 ad
558 761 882 814 intelligendas
909 766 1088 801 sanctas
1113 762 1358 814 scripturas

47 829 208 871 rapere
239 820 539 871 potuerimus,
574 829 656 857 nec
680 819 736 857 ad
762 829 919 856 eorum
942 815 1189 857 theatricas
1214 830 1357 871 nugas

50 876 273 924 converti,
307 875 345 913 si
371 873 542 926 aliquid
568 873 621 913 de
651 872 837 913 citharis
857 878 902 912 et
922 872 976 912 de
996 874 1201 926 organis,
1237 872 1359 927 quod

49 930 108 970 ad
135 930 359 982 spiritalia
390 929 609 982 capienda
632 929 802 977 valeat,
837 929 1131 982 disputemus.
1200 928 1357 982 Neque

50 986 169 1026 enim
188 992 234 1026 et
251 986 406 1026 literas
428 985 603 1025 discere
623 999 710 1025 non
726 985 975 1034 debuimus,
994 986 1099 1038 quia
1119 997 1271 1025 earum
1292 997 1359 1024 re-

48 1048 279 1095 pertorem
299 1041 453 1081 dicunt
472 1053 572 1081 esse
592 1041 888 1091 Mercurium,
925 1046 1000 1080 aut
1025 1042 1129 1094 quia
1154 1042 1358 1081 iustitiae

49 1098 295 1151 virtutique
316 1097 482 1149 templa
502 1097 783 1144 dedicarunt,
800 1102 844 1136 et
858 1109 970 1150 quae
984 1097 1121 1136 corde
1142 1097 1364 1151 gestanda

50 1154 180 1193 sunt
172 1167 215 1193 1n
236 1154 457 1217 lapidibus
476 1154 668 1193 adorare
687 1153 954 1202 maluer,unt
973 1153 1362 1217 ploptereanobis

48 1209 224 1249 iustitia
243 1210 471 1263 virtusque
490 1209 706 1260 fugiendi
722 1214 803 1248 est.
832 1209 969 1249 11111110
989 1223 1015 1248 1
1020 1221 1096 1248 ero
1116 1210 1363 1261 quisquis

47 1265 218 1306 bonus
243 1280 268 1304 v
283 1278 514 1317 eiusque
537 1242 881 1305 Christianus
913 1270 1013 1314 est,
1037 1264 1257 1305 Domini
1282 1266 1365 1305 sui

51 1334 170 1363 esse
197 1321 487 1374 intelligat
517 1321 710 1373 ubique
747 1321 1026 1360 invenerit
1054 1322 1363 1370 veritatem,

50 1391 181 1431 quam
196 1377 415 1417 confitens
433 1380 469 1426 ¹)
491 1382 535 1416 et
554 1389 806 1429 agnoscens
827 1377 962 1416 etiam
980 1377 1025 1415 in
1048 1376 1194 1416 literis
1221 1378 1362 1417 sacris

47 1434 369 1488 superstitiosa
389 1433 601 1486 figmenta
624 1433 850 1485 repudiet,
889 1432 1131 1485 doleatque
1157 1431 1362 1472 homines

48 1496 181 1544 atque.
207 1494 384 1538 caveat,
410 1488 485 1541 qui
509 1494 842 1541 cognoscentes
860 1488 1005 1528 Deum
1032 1500 1122 1528 non
1142 1494 1193 1528 ut
1215 1488 1360 1528 Deum

47 1546 437 1599 glorificaverunt,
467 1550 543 1584 aut
560 1545 729 1598 gratias
748 1550 958 1597 egerunt,
984 1544 1064 1583 sed
1083 1551 1362 1584 evanuerunt

45 1601 88 1640 111
117 1600 470 1655 cogitationibus
505 1601 618 1650 suis,
650 1605 693 1639 et
728 1599 1015 1639 obscuratum
1051 1605 1120 1639 est
1150 1613 1228 1640 cor
1253 1601 1357 1639 insi-

45 1658 171 1709 piens
197 1669 373 1705 eorum,
406 1656 608 1696 dieentes
639 1655 757 1694 enim
781 1667 828 1695 se
856 1668 956 1695 csse
973 1657 1202 1708 sapientes
1232 1656 1358 1695 stulti

43 1713 150 1753 ficti
186 1719 306 1760 sunt,
346 1717 390 1751 et
408 1712 575 1751 immut
569 1717 753 1751 fuerunt
778 1711 969 1764 gloriam
994 1712 1353 1811 incorruptibilis

44 1769 131 1809 Dei
156 1771 202 1809 in
221 1768 560 1808 similitudinem
584 1767 790 1819 imaginis
815 1768 1123 1820 corruptibilis
1142 1767 1260 1834 11111111
1254 1782 1308 1806 1111

46 1831 91 1864 et
108 1825 338 1864 voluclum
359 1829 403 1862 et
424 1837 495 1876 qm
486 1823 563 1862 1·1(11
570 1808 758 1875 upedum
779 1828 824 1862 et
843 1835 916 1862 ser
921 1826 1155 1876 pentium.
1151 1826 1190 1874 -‘)
1241 1863 1256 1873 Ν

102 1880 148 1920 C.
167 1880 287 1919 ΧΙΧ.
350 1879 437 1919 Sed
465 1888 512 1918 ut
537 1885 677 1917 totum
704 1879 837 1917 istum
862 1879 1010 1918 locum
1031 1882 1150 1923 (nam
1178 1885 1246 1918 (st
1265 1892 1351 1917 ma-

45 1936 163 1976 xime
182 1935 486 1976 necessarius)
508 1935 770 1987 diligentius
790 1935 1092 1987 explicemus:
1133 1935 1220 1974 duo
1250 1940 1353 1973 sunt

47 2004 215 2045 genera
233 1991 558 2037 doctrinarum,
594 2002 706 2042 quae
726 1990 770 2029 in
790 1990 1036 2042 gentilibus
1058 1992 1191 2029 etiam
1217 1991 1349 2029 mori-

48 2048 129 2086 bus
150 2053 430 2086 exercentur.
493 2046 632 2085 Unum
652 2057 802 2084 earum
821 2058 990 2094 rerum,
1017 2058 1126 2098 quas
1145 2046 1348 2085 institue-

97 2178 265 2220 1)‚)lss
285 2175 489 2220 plusquam
510 2180 552 2209 20
573 2178 698 2213 (etiam
722 2180 740 2210 3
758 2177 1104 2239 Lipz]qna⁷1¹1rc
1108 2176 1251 2222 'semis
1272 2180 1348 2221 -11-1-

45 2223 629 2256 1)115(·()115911(11.1’1.1..11115511011-
681 2224 915 2265 2)(»1-’1-’111111
940 2228 1002 2259 2,
986 2249 1002 2255 -
1032 2234 1090 2255 ε·
