1503 2465
115 65 194 106 232
478 59 718 102 AURELII
746 57 1065 100 AUGUSTI-Nl

115 154 273 189 rantur
305 158 385 200 per
415 159 549 185 unum
573 144 870 184 mediatorem
896 141 981 181 Dei
1013 148 1057 181 et
1081 140 1328 190 hominum,
1359 153 1429 180 re-

117 209 305 257 surgent
339 202 517 255 quidem
553 200 688 239 etiam
721 198 833 250 ipsi,
876 200 1183 250 unusquisque
1218 210 1314 236 cum
1349 209 1430 236 sua

118 271 274 309 carne,
301 259 381 298 sed
405 262 454 296 ut
474 269 573 296 cum
594 254 776 295 diabolo
799 259 845 293 et
862 253 1035 305 angelis
1056 254 1152 292 eius
1174 252 1426 306 puniantur.

116 317 275 356 Utrum
300 325 407 353 sane
432 313 516 365 ipsi
538 324 637 350 cum
655 310 778 349 vitiis
797 315 843 348 et
860 309 1225 348 deformitatibus
1246 319 1426 347 suorum

119 382 359 423 corporum
391 371 654 420 resurgant,
689 377 997 417 quaecumque
1030 365 1076 403 in
1101 366 1165 404 eis
1194 363 1358 403 vitiosa
1383 367 1427 401 et

118 425 344 466 deformia
369 423 566 464 membra
583 426 840 475 gestarunt,
865 420 910 458 in
929 420 1199 473 requirendo
1219 418 1425 458 laborare

118 482 228 536 quid
255 493 365 534 opus
397 479 489 518 estz
524 477 679 530 Neque
711 476 828 515 enim
862 474 1057 526 fatigare
1084 488 1166 515 nos
1196 474 1332 514 debet
1363 474 1426 511 in-

119 542 246 578 certa
266 549 421 576 eorum
444 533 660 573 habitudo
691 532 763 571 vel
786 531 1096 584 pulchritudo,
1126 543 1314 583 quorum
1343 528 1428 567 erit

119 598 245 634 certa
262 593 535 644 sempiterna
554 589 797 628 damnatio.
858 585 952 626 Nec
971 592 1164 635 moveat,
1186 598 1272 638 quo
1292 583 1425 624 modo

117 651 162 690 in
197 650 263 687 eis
297 649 383 687 erit
417 658 579 697 corpus
616 642 985 695 incorruptibile,
1037 642 1076 681 si
1110 641 1265 680 dolere
1301 645 1426 692 pote-

118 707 193 753 rit,
230 709 305 743 aut
339 715 426 755 quo
455 700 589 740 modo
628 698 940 750 corruptibile,
975 698 1013 736 si
1044 698 1159 736 mori
1186 710 1273 736 non
1303 700 1426 748 pote-

117 762 248 809 rit.¹)
308 758 422 798 Non
453 762 535 796 est
562 756 697 795 enim
722 766 850 793 vera
872 754 1008 801 vita,
1044 753 1144 791 nisi
1183 752 1270 792 ubi
1298 751 1427 790 feli-

121 817 266 856 citer
304 814 528 861 vivitur3
585 823 678 850 nec
720 822 850 849 vera
890 808 1270 860 incorruptio,
1319 805 1429 846 nisi

119 872 211 912 ubi
253 870 399 909 salus
446 867 598 907 nullo
644 866 839 905 dolore
885 865 1269 916 corrumpitur.
1341 861 1430 901 Ubi

119 933 269 968 autem
294 925 457 964 infelix
479 923 594 962 mori
617 935 706 961 11011
729 923 912 969 sinitur,
949 926 998 959 ut
1022 920 1085 959 ita
1103 920 1272 968 dicam,
1306 929 1430 958 mors

118 984 220 1036 ipsa
242 995 329 1020 non
356 981 568 1028 moritur3
601 983 645 1017 et
670 976 746 1016 ubi
775 976 907 1015 dolor
923 982 1167 1029 perpetuus
1186 988 1273 1014 non
1293 975 1429 1013 inter-

118 1040 238 1086 imit,
269 1036 348 1076 sed
369 1034 562 1087 adfligit,
595 1033 696 1085 ipsa
714 1033 946 1084 corruptio
966 1045 1054 1070 non
1074 1032 1239 1070 finitur.
1303 1030 1430 1070 Haec

119 1096 165 1135 in
184 1093 352 1133 sanctis
371 1089 606 1142 scripturis
627 1088 857 1127 secunda
873 1100 913 1126 m
928 1100 1013 1127 ors
1033 1087 1210 1126 dicitur.
1226 1088 1267 1136 2)

177 1149 224 1189 C.
249 1147 406 1187 XCln.
466 1144 560 1185 Nec
592 1144 737 1197 prima
769 1150 918 1183 tamen
955 1140 1142 1195 [mors],
1183 1154 1269 1195 qua
1303 1152 1431 1180 suum

122 1218 286 1258 corpus
306 1204 454 1243 anima
471 1201 729 1252 relinquere
755 1201 955 1251 cogitur,
989 1211 1071 1237 nec.
1095 1197 1311 1246 secunda,
1346 1207 1433 1248 qua

153 1260 313 1301 oenale
340 1270 503 1310 corpus
529 1257 676 1296 anima
689 1256 731 1306 3)
757 1255 1013 1306 relinquere
1034 1267 1120 1293 non
1140 1252 1431 1306 permittitur,

119 1275 294 1357 Remini
328 1313 593 1361 accidisset,
633 1311 672 1351 si
705 1323 835 1350 nemo
871 1314 1121 1362 peccasset.
1190 1309 1434 1348 Mitissima

123 1385 232 1413 sane
258 1371 453 1411 omnium
479 1379 625 1421 poena
650 1368 736 1406 erit
759 1379 934 1414 eorum,
969 1366 1041 1418 qni
1070 1371 1250 1416 praeter
1276 1376 1432 1416 pecca-

122 1436 232 1476 tum,
263 1426 382 1479 quod
402 1423 624 1477 originale
643 1428 894 1469 traxerunt,
923 1421 1092 1460 nullum
1111 1421 1293 1473 insuper
1311 1419 1434 1458 addi-

126 1485 307 1532 derunt3
342 1482 448 1521 etin
468 1479 653 1525 ceteris,
684 1479 756 1530 qui
778 1476 1069 1524 addiderunt,
1096 1480 1222 1516 tanto
1245 1475 1434 1529 quisque

125 1538 487 1580 tolerabiliorem
508 1535 567 1574 ibi
590 1533 773 1573 habebit
792 1533 1146 1582 damnationem,
1173 1536 1338 1586 quanto
1362 1529 1435 1569 hic

63 1590 68 1595 ¹
125 1596 344 1636 minorem
366 1591 522 1631 habuit
538 1590 839 1642 iniquitatem.

184 1651 231 1690 C.
252 1647 407 1688 XCIV.
450 1645 801 1686 Remanentibus
819 1646 972 1696 itaque
993 1642 1167 1695 angelis
1185 1647 1228 1681 et
1247 1639 1436 1680 homini-

127 1708 210 1747 bus
230 1704 436 1756 reprobis
455 1705 499 1742 in
517 1707 700 1740 aeterna
722 1712 878 1753 poena,
897 1707 1003 1739 tunc
1024 1699 1167 1737 sancti
1187 1697 1331 1736 scient
1345 1695 1437 1747 ple-

128 1763 251 1810 nius,
289 1759 392 1812 quid
419 1757 526 1797 boni
551 1758 616 1796 eis
640 1755 888 1795 contulerit
921 1755 1081 1808 gratia.
1143 1754 1269 1792 Tunc.
1301 1751 1436 1790 rebus

127 1818 240 1870 ipsis
263 1814 516 1855 evidentius
538 1811 793 1864 adparebit,
819 1811 939 1863 quod
956 1811 999 1849 in
1022 1809 1200 1848 Psalmo
1222 1809 1438 1858 scriptum

131 1879 201 1912 est
214 1872 274 1920 '¹):
305 1867 650 1909 Misericordiam
669 1873 709 1906 et
726 1865 931 1905 indicium
950 1864 1134 1905 cantabo
1159 1862 1256 1910 tibi,
1285 1860 1437 1901 Domi·

129 1941 209 1975 ne;
229 1927 335 1980 quia
352 1925 438 1964 nisi
456 1936 535 1976 per
548 1922 794 1962 indebitam
810 1920 1166 1961 misericordiam
1183 1931 1311 1957 nenio
1328 1917 1436 1956 libe-

131 1989 270 2031 ratur,
296 1986 341 2021 et
358 1981 443 2019 nisi
461 1990 541 2032 per
558 1978 759 2019 debitum
774 1978 989 2017 iudiciuin
1010 1988 1138 2016 nemo
1160 1975 1406 2014 damnatur.

183 2112 390 2156 1)Cf.Ang.
410 2112 454 2144 (le
474 2111 540 2144 civ.
559 2110 615 2142 «lei
636 2112 692 2147 21,
711 2112 742 2142 5.
768 2110 805 2151 2)
821 2109 936 2151 Apoc.
954 2112 985 2147 2,
1008 2112 1059 2141 11.
1080 2111 1134 2145 20,
1154 2109 1184 2139 6.
1201 2110 1249 2139 14.
1277 2105 1314 2145 3)
1328 2103 1385 2136 lta
1402 2103 1437 2135 in

131 2161 220 2196 Mss.
230 2160 385 2202 legitur,
407 2158 471 2191 sed
489 2159 526 2191 in
539 2156 706 2195 edd.E1-.,
727 2156 816 2188 Lov.
829 2155 977 2189 etArn.:
996 2154 1170 2187 mzinmm.
1197 2154 1234 2195 4)
1246 2152 1308 2183 l's.
1324 2154 1395 2188 101,
1412 2153 1439 2184 1.
