1503 2465
238 89 320 130 DE
352 89 655 131 DOCTRINA
690 92 920 134 CHRlS'l'.
983 95 1093 136 Llss.
1130 97 1179 137 [Ι.
1308 99 1361 138 73

49 181 198 215 autem
218 174 452 224 doctrinis,
467 187 580 227 quae
599 177 714 229 apud
735 183 893 230 gentes
913 179 1215 230 inveniuntur,
1234 194 1361 234 prae-

47 238 119 272 ter
137 230 374 271 historiam
392 242 556 281 rerum,
569 232 641 271 vel
660 234 893 284 praeteriti
913 237 1132 288 temporis
1146 237 1217 276 vel
1235 251 1361 290 prae-

50 289 206 336 sentis,
227 286 282 325 ad
301 298 460 326 sensus
476 289 680 340 corporis
694 289 1029 341 pertinentium,
1047 292 1208 346 quibus
1226 295 1363 334 etiam

48 343 226 383 utilium
244 342 406 381 artium
427 343 729 395 corporalium
751 347 1060 398 experimenta
1078 354 1122 388 et
1133 350 1361 389 coniectu-

49 411 125 439 rae
145 399 510 447 adnumerantur,
533 405 579 439 et
596 406 777 452 praeter
793 402 1018 442 rationem
1038 404 1360 456 disputationis

49 461 94 494 et
111 455 299 503 numeri,
318 451 430 493 nihil
449 454 560 494 utile
580 467 680 495 esse
700 456 911 497 arbitror.
971 459 1019 499 ln
1040 460 1200 513 quibus
1222 462 1361 500 omni-

46 510 130 549 bus
148 509 391 550 tenendum
410 515 498 550 est:
531 523 594 550 ne
626 512 749 564 quid
780 514 1010 564 nimislj,
1044 523 1087 555 et
1105 517 1297 556 maxime
1318 518 1362 556 in

50 567 136 614 eis,
172 578 285 619 quae
310 566 368 606 ad
396 567 602 619 corporis
627 580 786 608 sensus
813 571 1089 621 pertinentia
1120 572 1361 612 volvuntur

47 621 327 675 temporibus
351 626 396 661 et
421 623 710 663 continentur
733 624 865 664 locis.
928 626 1055 667 Sicut
1089 633 1238 668 autem
1265 631 1359 681 qui-

48 678 148 718 dam
182 677 236 717 de
272 677 422 718 verbis
451 678 656 719 omnibus
686 686 731 719 et
753 682 1009 722 nominibus
1034 683 1282 734 Hebraeis,
1317 691 1362 723 et

49 733 199 786 Syris,
227 738 271 773 et
287 734 544 786 Aegyptiis,
569 735 643 774 vel
667 736 702 775 si
723 748 810 789 qua
827 737 916 777 alia
934 737 1092 792 lingua
1108 740 1152 778 in
1171 741 1360 793 scriptu·

46 790 107 829 ris
126 790 292 828 sanctis
312 789 505 828 inveniri
525 796 700 842 potest,
736 804 849 844 quae
870 794 914 832 in
935 795 1000 834 eis
1021 795 1116 834 sine
1142 796 1358 849 interpre-

45 845 217 885 tatione
242 849 345 884 sunt
369 845 542 898 posita,
577 845 784 887 fecerunt
811 853 860 887 ut
884 861 937 888 ea
961 853 1203 903 separatim
1222 855 1361 891 inter-

47 907 346 953 pretarentur,
378 906 423 940 et
440 901 559 954 quod
578 902 802 943 Eusebius
821 903 933 945 fecit
951 906 1005 945 de
1025 914 1277 959 temporum
1298 907 1360 947 hi-

45 956 189 996 storia
205 962 391 1009 propter
410 956 660 997 divinorum
682 959 899 1000 librorum
915 965 1223 1014 quaestiones,
1243 976 1360 1017 quae

46 1025 175 1051 usum
202 1014 297 1052 eius
324 1011 555 1065 flagitant3
587 1015 705 1067 quod
737 1028 846 1068 ergo
883 1016 928 1056 hi
961 1017 1169 1059 fecerunt
1202 1019 1256 1059 de
1292 1018 1360 1060 his

44 1069 193 1117 rebus,
213 1074 262 1107 ut
280 1080 367 1108 non
385 1069 444 1107 sit
462 1081 649 1109 necesse
662 1070 918 1112 Christiano
939 1073 983 1113 in
1004 1074 1155 1115 multis
1175 1082 1362 1128 propter

42 1136 186 1176 pauca
204 1124 432 1163 laborare:
465 1125 531 1164 sic
555 1125 683 1165 rideo
707 1140 842 1179 posse
863 1130 976 1179 fieri,
996 1130 1034 1169 si
1053 1143 1182 1184 quem
1204 1144 1361 1172 eorum

45 1179 120 1233 qui
150 1186 339 1233 possunt
363 1180 602 1233 benignam
628 1195 735 1221 sane
761 1196 941 1235 operam
976 1184 1206 1227 fraternae
1238 1188 1359 1228 utili-

41 1237 128 1276 tati
162 1235 360 1275 delectet
393 1236 673 1289 impendere,
709 1248 757 1278 ut
795 1252 1103 1295 quoscumque
1134 1248 1359 1283 terrarum

43 1291 186 1341 locos,
207 1303 377 1345 quaeve
396 1293 607 1333 animalia
629 1293 698 1332 rel
717 1293 879 1336 herbas
899 1302 1034 1350 atque
1054 1298 1241 1339 arbores
1262 1300 1358 1339 sive

40 1347 216 1399 lapides
239 1347 313 1386 vel
334 1347 519 1387 metalla
543 1349 799 1402 incognita,
834 1353 1104 1406 speciesque
1129 1355 1358 1407 quaslibet

40 1405 265 1456 scriptura
283 1410 628 1453 commemorat,
665 1417 719 1445 ea
743 1409 995 1460 generatim
1021 1411 1234 1462 digerens
1258 1411 1358 1450 sola

41 1459 249 1512 exposita
271 1459 417 1499 literis
446 1459 640 1499 mandet.
704 1461 865 1503 Potest
899 1467 1034 1505 etiam
1068 1466 1122 1505 de
1158 1468 1355 1507 numeris

40 1514 153 1564 fieri,
174 1521 221 1554 ut
242 1527 396 1555 eorum
416 1517 727 1556 tantummodo
748 1532 1035 1560 numerorum
1057 1523 1266 1573 exposita
1286 1535 1351 1562 ra-

38 1571 102 1610 tio
140 1571 472 1619 conscribatur,
518 1584 630 1623 quos
676 1573 828 1613 divina
869 1577 1093 1630 scriptura
1133 1580 1352 1619 meminit.

40 1626 238 1674 Quorum
258 1627 409 1681 aliqua
431 1633 506 1666 aut
526 1629 673 1667 omnia
692 1628 811 1669 forte
830 1631 918 1670 iam
937 1631 1059 1672 facta
1081 1642 1204 1681 sunt,
1235 1635 1356 1675 sicut

38 1682 194 1731 multa,
225 1695 338 1735 quae
359 1695 384 1721 a
406 1684 539 1722 bonis
561 1684 799 1738 doctisque
820 1685 1089 1729 Christianis
1117 1690 1355 1730 elaborata

37 1745 171 1790 atque
192 1740 450 1791 conscripta
480 1752 565 1778 non
587 1740 935 1793 arbitrabamur,
962 1745 1237 1796 invenimus;
1271 1747 1354 1786 sed

37 1794 130 1833 sive
159 1799 341 1847 propter
363 1794 517 1833 turbas
541 1795 890 1849 negligentium,
920 1801 1013 1840 sive
1038 1808 1223 1854 propter
1240 1802 1352 1841 invi-

38 1849 194 1888 domm
216 1850 547 1890 occultationes
568 1850 722 1893 latent.
780 1854 913 1903 Quod
932 1862 1079 1897 utrum
1099 1859 1152 1898 de
1172 1858 1350 1898 ratione

36 1905 294 1958 disputandi
320 1906 417 1944 fieri
443 1907 607 1958 possit,
633 1907 817 1961 ignor03
851 1917 895 1951 et
920 1913 1099 1952 videtur
1124 1911 1231 1953 mihi
1261 1925 1350 1953 non

37 1974 170 2013 posse
184 1992 193 2009 ‚
222 1961 327 2015 quia
343 1973 423 2014 per
441 1966 582 2001 totum
603 1968 773 2005 textum
791 1968 1110 2019 scripturarum
1131 1969 1352 2022 colligata

37 2025 104 2056 est
124 2029 361 2056 nervorum
381 2018 492 2061 vice,
516 2025 559 2057 et
578 2018 681 2059 ideo
701 2024 844 2075 magis
864 2024 918 2063 ad
940 2024 1150 2078 ambigua
1170 2024 1347 2064 solven-

36 2072 92 2112 da
110 2079 155 2112 et
174 2072 456 2124 explicanda,
484 2073 537 2113 de
558 2075 718 2127 quibus
739 2085 843 2131 post
861 2079 1112 2133 loquemur,
1139 2080 1346 2134 legentes

85 2198 116 2233 1)
138 2193 291 2226 Terent.
313 2193 424 2227 Andr.
447 2198 475 2233 1,
498 2201 524 2235 l,
545 2199 597 2230 31.
