1503 2465
141 136 195 176 34
508 101 745 177 AURELII
773 134 1096 176 AUGUSTINI

142 222 314 261 lantur:
348 224 393 260 et
415 220 583 260 vexilla
609 220 918 272 draconesque
943 220 1165 260 militares
1195 232 1274 274 per
1295 221 1451 262 oculos

141 277 375 317 insinuant
401 276 679 315 voluntatem
707 275 882 316 ducum.
941 275 1000 315 Et
1030 282 1134 316 sunt
1165 274 1276 316 haee
1302 279 1454 316 onmia

145 333 273 385 quasi
294 332 513 385 quaedam
532 332 669 371 verba
686 331 900 371 visibilia,
932 331 998 370 Ad
1017 343 1148 371 aures
1168 337 1317 371 autem
1339 345 1452 385 quae

142 388 384 441 pertinent,
420 392 470 427 ut
503 387 616 435 dixi,
651 388 782 439 plura
814 392 934 437 sunt3
979 387 1026 426 in
1060 387 1210 427 verbis
1243 389 1452 428 maxime.

145 443 258 484 Nam
287 448 332 482 et
357 442 467 482 tuba
492 448 537 482 et
565 443 677 482 tibia
702 448 746 482 et
770 441 943 482 cithara
962 442 1068 482 dant
1084 443 1345 496 plerumque
1365 456 1455 483 non

146 500 293 539 solum
314 510 511 547 suavem,
530 499 611 537 sed
630 499 766 538 etiam
786 498 1118 550 significantem
1137 511 1311 538 sonum.
1364 498 1455 539 Sed

146 554 259 595 haec
284 556 435 593 onmia
452 554 582 606 signa
599 554 747 593 verbis
769 559 1028 605 comparata
1045 554 1317 606 paucissima
1334 560 1451 593 sunt.

144 610 298 651 Verba
312 611 429 649 enim
443 621 628 661 prorsus
641 611 760 649 inter
773 609 976 649 homines
992 609 1283 648 obtinuerunt
1293 610 1454 662 princi-

145 671 299 718 patum
322 664 608 718 significandi
628 677 933 718 quaecumque
953 665 1101 704 animo
1123 666 1453 717 concipiuntur,

147 723 182 762 si
205 734 259 761 ea
276 721 464 774 quisque
483 721 675 774 prodere
694 720 817 759 velit.
878 719 990 760 Nam
1009 725 1053 760 et
1072 721 1212 760 odore
1239 720 1458 774 unguenti

145 777 390 825 Dominus,
427 788 513 828 quo
532 775 705 829 perfusi
723 781 826 815 sunt
842 776 981 827 pedes
1007 776 1102 815 eius
1119 805 1130 825 ,
1168 776 1346 829 signum
1375 776 1455 815 ali-

147 832 270 886 quod
295 832 492 882 dedit1);
527 836 573 870 et
603 836 885 870 sacramento
920 831 1125 884 corporis
1153 836 1197 870 et
1221 832 1455 884 sanguinis

147 890 216 928 sui
235 900 315 940 per
334 892 563 940 gustatum
578 887 619 936 2)
640 887 914 939 significavit
932 888 1051 939 quod
1069 886 1231 937 voluit3
1259 892 1304 926 et
1322 900 1457 939 quum

145 944 309 984 mulier
325 943 552 995 tangendo
574 943 792 981 fimbriam
803 942 1055 982 vestimenti
1078 943 1174 981 eius
1194 941 1318 981 salva
1335 941 1458 982 facta

147 1005 230 1047 est,
251 1013 338 1038 non
358 997 469 1037 nihil
486 998 724 1052 significat.
743 997 782 1047 ³)
843 997 932 1038 Sed
949 997 1289 1038 innumerabilis
1308 998 1455 1037 multi-

145 1056 256 1095 tudo
291 1055 543 1108 signorum,
578 1053 739 1106 quibus
773 1065 877 1093 suas
912 1054 1217 1106 cogitationes
1251 1052 1455 1093 homines

147 1116 381 1158 exserunt,
416 1112 463 1148 in
483 1108 633 1148 verbis
658 1110 906 1148 constituta
938 1114 1020 1148 est.
1083 1107 1192 1148 Nam
1214 1109 1294 1148 illa
1327 1109 1458 1161 signa

148 1167 312 1214 omnia,
346 1177 533 1218 quorum
552 1176 721 1217 genera
736 1164 935 1203 breviter
957 1164 1113 1217 adtigi,
1146 1165 1275 1216 potui
1305 1164 1455 1203 verbis

147 1223 401 1271 enuntiare3
421 1219 557 1259 verba
572 1232 675 1259 vero
696 1220 787 1259 illis
808 1220 949 1273 signis
969 1220 1091 1259 nullo
1108 1219 1241 1259 modo
1258 1231 1454 1272 possem.

204 1278 250 1317 C.
271 1276 343 1316 lV.
406 1276 495 1316 Sed
520 1275 624 1328 quia
645 1275 884 1315 verberato
911 1277 1016 1315 aere
1035 1276 1185 1315 statim
1202 1280 1453 1323 transeunt,

145 1345 230 1373 nec
255 1332 423 1371 diutius
450 1335 632 1371 manent
651 1343 781 1384 quam
802 1336 984 1379 sonant,
1012 1331 1220 1370 instituta
1246 1336 1350 1370 sunt
1373 1342 1453 1382 per

143 1389 302 1428 literas
329 1387 460 1440 signa
482 1386 737 1426 verborum.
796 1386 864 1425 lta
886 1398 1022 1426 voces
1045 1386 1189 1427 oeulis
1212 1386 1451 1425 ostendun-

143 1451 239 1493 tur,
274 1455 362 1482 non
389 1454 469 1495 per
492 1454 540 1482 se
566 1443 711 1495 ipsas,
743 1442 823 1481 sed
845 1454 924 1494 per
949 1442 1080 1494 signa
1105 1441 1324 1494 quaedam
1356 1453 1450 1480 sua.

141 1500 237 1539 lsta
253 1499 393 1552 igitur
411 1500 541 1551 signa
557 1510 647 1537 11011
664 1497 1174 1550 potueruntcommunia
1193 1510 1294 1536 esse
1314 1499 1452 1536 omni-

142 1555 227 1595 bus
242 1553 467 1608 gentibus,
483 1558 669 1606 peccato
685 1553 880 1606 quodam
899 1553 1197 1593 dissensionis
1217 1551 1452 1601 humanae,

143 1624 279 1664 quum
299 1610 353 1649 ad
372 1621 420 1649 se
440 1609 628 1662 quisque
648 1609 944 1661 principatum
963 1610 1094 1662 rapit.
1143 1609 1279 1648 Cuius
1300 1620 1452 1662 super-

141 1666 245 1706 biae
265 1667 441 1718 signum
460 1670 529 1704 est
549 1670 702 1704 erecta
718 1666 807 1704 ista
819 1665 957 1704 turris
976 1665 1020 1704 in
1042 1664 1241 1713 eoelum,
1273 1664 1348 1703 ubi
1375 1662 1452 1703 ho-

141 1722 286 1761 mines
304 1721 429 1773 impii
448 1732 538 1760 11011
557 1720 702 1759 solum
722 1721 917 1769 animos,
948 1720 1029 1760 sed
1055 1721 1190 1760 etiam
1208 1731 1344 1759 voces
1365 1719 1452 1758 dis-

143 1789 279 1817 sonas
300 1775 465 1816 habere
485 1781 758 1815 meruerunt.
777 1776 815 1825 ¹)

198 1833 245 1872 C.
263 1831 317 1872 V.
376 1832 445 1871 Ex
463 1843 549 1884 quo
568 1829 737 1870 factum
756 1836 845 1880 est,
873 1834 922 1870 ut
941 1832 1076 1870 etiam
1096 1831 1319 1883 scriptura
1340 1829 1450 1870 divi-

139 1901 212 1937 na,
232 1901 319 1940 qua
338 1888 476 1927 tantis
496 1886 663 1925 morbis
684 1885 974 1925 humanarum
993 1886 1272 1925 voluntatum
1292 1886 1449 1926 subve-

139 1946 274 1993 nitur,
296 1943 349 1982 ab
370 1954 457 1982 una
473 1942 628 1994 lingua
647 1941 1281 1994 profecta,qua⁵)0pportune
1301 1942 1449 1994 potuit

191 2089 386 2128 1)Ιο11.12,
399 2091 431 2121 3.
444 2091 473 2121 7.
502 2090 572 2125 Mc.
588 2093 636 2128 14,
653 2093 683 2124 8.
727 2092 763 2133 2)
781 2090 840 2125 Ita
858 2094 876 2123 5
896 2092 1057 2134 optimae
1073 2095 1178 2123 notae
1190 2091 1276 2123 Mss.
1289 2090 1447 2130 Bened.·,

140 2137 229 2169 edit.
264 2140 299 2168 et
332 2137 419 2168 Mss.
454 2138 649 2179 perpauci:
678 2142 955 2179 praegustat05
1004 2136 1171 2179 plurimi:
1209 2141 1446 2180 pergustato,

139 2188 172 2219 3)
199 2183 288 2215 Mat.
305 2184 336 2219 9,
359 2186 410 2214 20.
429 2193 477 2215 ss.
525 2187 563 2226 4)
582 2183 639 2215 Cf.
658 2183 749 2216 Gen.
770 2187 820 2223 ll,
853 2189 880 2215 1.
902 2195 946 2215 ss.
998 2187 1033 2224 5)
1052 2184 1185 2222 „Bad.‚
1213 2183 1306 2220 Ani„
1332 2182 1392 2214 Er.
1410 2187 1448 2214 et

140 2226 282 2270 aliquot
300 2228 387 2260 Mss.
408 2234 533 2273 quae-‘⁶
559 2230 650 2262 Ben.
