1503 2465
212 106 294 147 DE
325 108 629 151 DOCTRINA
661 110 892 152 CHRlS'r.
953 110 1067 153 Llss.
1100 113 1175 154 ΙΙΙ.
1274 115 1351 155 103

40 197 188 231 torum
207 191 322 245 legis
342 193 479 233 veluti
501 194 650 235 claves
667 201 707 235 et
723 195 959 234 luminaria
975 195 1213 238 fabricare.
1241 197 1350 238 Sunt

43 249 158 286 enim
180 248 396 300 quaedam
416 250 601 302 regulae
622 252 862 304 mysticae,
891 264 1003 304 quae
1029 255 1265 292 universae
1290 254 1351 293 le-

41 304 110 355 gis
135 315 342 342 recessus
371 304 596 352 obtinent,
633 313 677 346 et
702 307 906 346 veritatis
934 306 1173 348 thesauros
1192 309 1351 362 aliqui-

39 357 123 397 bus
157 358 408 399 invisibiles
441 360 647 402 visibiles
679 361 864 401 faciunt.
929 362 1125 411 Quarum
1160 365 1197 403 si
1233 366 1350 405 ratio

39 414 296 466 regularum
316 416 412 455 sine
433 416 620 466 invidia,
656 423 704 457 ut
728 419 1126 467 communicamus,
1165 427 1352 472 accepta

40 467 193 518 fuerit,
214 469 367 509 clausa
386 484 589 524 quaeque
611 474 838 526 patefient,
861 480 904 513 et
923 475 1116 514 obseura
1134 475 1350 515 dilucida-

38 524 218 574 buntur,
239 531 286 565 nt
304 527 402 579 quis
421 527 684 581 prophetiae
709 530 969 569 immensam
998 531 1152 570 silvam
1180 544 1350 584 peram-

38 578 214 629 bulans,
241 579 308 620 his
328 583 497 635 regulis
517 584 847 636 quodammodo
867 585 980 625 lucis
1001 587 1255 627 tramitibus
1277 588 1351 627 de-

42 635 200 675 ductus
222 637 274 676 ab
295 650 448 678 errore
469 640 784 679 (lefen‹latur.“
843 641 930 681 Hic
949 643 984 681 si
1006 642 1216 682 dixisset:
1247 649 1350 683 sunt

42 692 157 730 enim
193 693 410 745 quaedam
445 697 630 748 regulae
665 698 904 749 mysticae,
949 710 1062 750 quae
1106 698 1348 738 nonnullos

40 746 157 799 legis
177 760 383 789 recessus
398 750 614 800 obtinent,
636 758 712 791 aut
726 758 867 791 certe:
889 765 1002 805 quae
1024 753 1139 806 legis
1159 766 1349 807 magnos

39 814 247 843 recessus
272 804 496 855 obtinent3
537 820 624 846 non
658 814 806 847 autem
840 809 960 860 quod
995 811 1076 848 ait:
1111 810 1347 850 universae

38 859 153 909 legis
180 872 410 910 recessus;
447 874 590 915 neque
617 862 826 904 dixisset:
861 863 1015 903 clausa
1040 877 1244 918 quaeque
1273 878 1347 918 pa-

41 915 217 962 tefient,
249 915 348 955 sed:
393 917 545 957 clausa
578 919 718 958 multa
753 920 989 972 patefient,
1023 932 1176 960 verum
1213 921 1348 961 dixis·

40 976 128 1018 set,
165 982 244 1009 nec
278 977 365 1010 tam
400 972 633 1013 elaborato
671 981 803 1027 atquc
836 976 936 1015 utili
972 976 1099 1028 operi
1133 989 1214 1015 suo
1246 977 1347 1028 plus

40 1037 171 1078 quam
190 1039 261 1065 res
281 1027 379 1079 ipsa
396 1029 596 1080 postulat
613 1030 782 1079 dando,
811 1031 855 1069 in
875 1044 997 1084 spem
1022 1030 1183 1071 falsam
1208 1032 1348 1072 lecto-

38 1092 131 1119 rem
155 1082 250 1121 eius
271 1084 641 1138 cognitoremque
660 1087 873 1126 misisset.
922 1087 1053 1135 Quod
1072 1087 1176 1127 ideo
1198 1088 1348 1127 dicen-

39 1136 141 1175 dum
160 1138 333 1189 putavi,
360 1145 406 1179 ut
424 1139 540 1180 liber
556 1143 653 1193 ipse
674 1148 718 1181 et
736 1142 914 1195 legatur
931 1155 958 1182 a.
975 1143 1193 1183 studiosis
1207 1174 1217 1193 ,
1244 1144 1350 1197 quia

38 1192 273 1244 plurimum
295 1194 477 1235 adiuvat
494 1196 548 1235 ad
569 1197 814 1249 scripturas
834 1198 1171 1250 intelligendas,
1195 1206 1239 1239 et
1258 1214 1347 1239 non

40 1248 93 1286 de
114 1249 192 1287 illo
214 1257 419 1300 speretur
436 1256 630 1301 tantum,
656 1261 868 1305 quantum
887 1267 974 1293 non
995 1253 1143 1294 habet.
1206 1256 1346 1295 Caute

39 1317 145 1342 san(¹
171 1305 388 1357 legendus
413 1312 503 1356 est,
540 1321 626 1346 non
653 1309 798 1348 solum
824 1316 1007 1362 propter
1027 1310 1268 1363 quaedam,
1302 1311 1347 1350 in

39 1359 198 1411 quihus
235 1367 282 1399 ut
317 1359 449 1401 homo
485 1364 671 1412 erravit,
708 1365 785 1403 sed
820 1367 1010 1404 maxime
1044 1372 1229 1418 propter
1251 1366 1346 1415 illa,

38 1428 151 1467 quae
190 1418 307 1456 sicut
344 1417 585 1457 Donatista
629 1417 883 1460 hacreticus
930 1421 1143 1474 loquitur.
1228 1422 1347 1469 Quid

38 1475 185 1509 autem
206 1471 398 1511 doceant
424 1474 496 1513 vel
526 1474 798 1516 admoneant
816 1477 930 1516 istae
951 1482 1123 1530 septem
1141 1478 1345 1531 regulae,

37 1526 236 1566 breviter
255 1528 503 1569 ostendam.

96 1582 141 1620 (ἶ.
162 1583 324 1623 xxxl.
387 1583 538 1624 Prima
561 1585 620 1625 de
639 1585 863 1626 Domino
890 1593 941 1626 et
967 1588 1080 1627 cius
1116 1601 1343 1642 corpore

39 1642 121 1685 est,
142 1638 185 1676 in
205 1652 291 1691 qua
311 1641 506 1680 scientes
525 1641 764 1694 aliquando
788 1643 946 1695 capitis
973 1649 1017 1683 et
1043 1645 1269 1697 corporis,
1296 1646 1342 1685 id

38 1698 126 1740 est,
153 1692 317 1734 Christi
344 1700 388 1734 et
414 1696 636 1736 ecclesiae
663 1711 791 1738 unam
818 1711 1054 1751 personam
1086 1700 1215 1739 nobis
1243 1701 1344 1739 inti-

35 1749 148 1787 mari
184 1750 353 1803 (neque
388 1752 504 1790 enim
539 1752 708 1792 frustra
741 1754 906 1794 dictum
944 1762 1013 1794 est
1050 1755 1257 1795 fidelibus
1286 1760 1340 1805 ¹):

36 1802 163 1855 Ergo
200 1805 403 1845 Abrahae
435 1820 575 1846 semen
609 1809 726 1857 est2's,
764 1823 895 1862 quum
930 1811 987 1849 sit
1022 1824 1154 1850 unum
1188 1824 1340 1850 semen

35 1858 253 1909 Abrahae,
276 1862 393 1913 quod
414 1868 482 1901 est
494 1862 733 1915 Christus),
752 1879 839 1904 non
860 1864 1146 1915 haesitemus,
1163 1865 1341 1919 quaiido

37 1927 62 1953 a
81 1916 226 1966 capite
246 1917 301 1956 ad
321 1929 483 1969 corpus
498 1949 507 1966 ‚
532 1920 602 1958 vel
622 1932 647 1958 a
665 1932 855 1972 corpore
876 1923 1092 1961 transitur
1110 1922 1163 1961 ad
1194 1929 1341 1974 caput,

37 1976 252 2011 ettamen
282 1986 368 2011 non
395 1974 622 2013 receditur
655 1976 708 2014 ab
742 1989 829 2015 una
859 1977 1103 2029 eademque
1131 1990 1338 2029 persona.

36 2026 132 2064 Una
158 2028 272 2066 enim
306 2040 501 2080 persona
533 2030 732 2083 loquitur
765 2032 919 2071 dicens
936 2033 998 2082 ²):
1033 2032 1155 2072 Sicut
1187 2045 1340 2086 sponso

33 2080 239 2134 imposuit·
255 2083 361 2122 mihi
377 2083 565 2134 mitram,
594 2093 634 2125 et
650 2086 761 2126 sicut
777 2100 976 2140 sponsam
998 2088 1167 2129 ornavit
1189 2101 1253 2129 me
1274 2102 1340 2128 or-

83 2203 116 2244 l)
139 2200 218 2234 Gal.
238 2206 268 2241 3,
290 2207 342 2237 29.
391 2204 428 2247 2')
449 2205 519 2239 Ies.
540 2209 593 2247 01,
618 2211 665 2241 10.
685 2221 754 2243 sec.
774 2209 895 2242 Lxx.
