1503 2465
218 129 299 170 DE
329 125 631 168 DOCTRINA
668 125 899 167 CHRJST.
959 125 1070 165 Llss.
1105 125 1157 165 ΙΙ.
1295 126 1347 166 Gi)

32 217 96 256 ita
108 217 242 255 etiam
260 214 410 254 abluto
426 211 719 265 praecedenti
734 210 939 250 aufertur
954 210 1214 250 necessario
1227 211 1348 264 quod

33 271 340 324 consequitur.
403 269 520 317 Quia
538 280 693 308 rerum
713 274 783 307 est
803 279 935 321 quum
957 267 1168 307 dicimus:
1190 267 1226 306 si
1250 279 1348 306 ora-

32 336 105 368 tor
132 334 219 376 est,
250 325 385 365 homo
414 331 504 373 est:
538 336 593 364 ex
621 336 708 376 qua
731 323 1045 376 propositione
1075 323 1113 363 si
1143 321 1347 363 adsumu-

32 397 152 424 nius:
195 395 283 422 non
318 388 387 421 est
420 386 568 420 autem
606 385 782 429 orator,
820 391 909 419 non
944 380 1031 419 erit
1063 391 1347 432 consequens

32 452 165 493 quum
183 437 413 477 intuleris:
446 448 536 476 non
555 442 624 476 est
643 436 782 488 igitur
800 432 950 474 homo.

89 495 135 533 C.
165 492 374 534 XXXIV.
437 492 725 545 Quapropter
748 490 871 530 aliud
897 497 966 530 est
992 502 1127 531 nosse
1162 489 1348 544 regulas

32 551 380 598 connexionum,
401 547 524 588 aliud
544 548 867 587 sententiarum
886 548 1140 587 veritatem.
1186 546 1234 585 In
1254 546 1348 586 illis

33 606 246 655 discitur,
271 605 378 658 quid
395 606 455 645 sit
473 615 779 657 consequens,
809 602 914 656 quid
934 617 1023 643 non
1047 615 1346 656 coiisequenS‚

32 663 139 716 quid
158 674 429 715 repugnans.
492 660 785 712 Consequens
803 665 891 699 est:
920 659 958 699 si
979 664 1135 699 orator
1153 665 1241 707 est,
1270 656 1347 697 ho-

31 732 102 759 ino
126 723 213 769 est3
246 718 602 771 inconsequens:
637 716 674 756 si
694 713 827 754 homo
850 720 937 764 est,
977 720 1132 755 orator
1157 722 1244 765 cst3
1280 726 1347 754 re-

30 787 256 828 pugnans:
287 774 325 814 si
346 772 480 813 homo
502 777 593 820 est,
621 771 877 825 quadrupes
897 778 980 811 est.
1041 770 1130 811 Hic
1156 782 1265 824 ergo
1292 770 1346 810 de

30 831 130 883 ipsa
155 829 438 870 connexione
464 828 704 868 iudicatur.
764 827 812 867 In
838 828 1029 868 veritate
1064 833 1214 867 autem
1249 839 1347 867 sen-

31 887 274 926 tentiarum
292 886 418 938 ipsae
436 896 516 938 per
534 897 582 924 se
599 883 875 934 sententiae,
900 897 990 923 non
1011 895 1164 924 earum
1184 895 1348 923 conne-

30 943 106 982 xio
135 941 467 983 consideranda
495 946 584 990 est,
617 939 698 980 sed
720 941 840 980 veris
860 941 1088 993 certisque
1108 939 1348 979 sententiis

33 1012 167 1051 quum
201 1000 402 1038 incertae
439 1009 545 1036 vera
579 996 863 1036 connexione
899 997 1167 1049 iunguntur,
1211 996 1349 1035 etium

31 1054 158 1108 ipsae
179 1059 330 1093 certae
350 1053 458 1092 fiant
478 1064 665 1092 necesse
686 1058 768 1091 est.
830 1052 1023 1100 Quidum
1043 1058 1192 1091 autem
1213 1051 1277 1091 sic
1299 1063 1346 1091 se

32 1111 224 1158 iactant,
269 1122 401 1162 quum
445 1110 680 1148 veritatem
721 1109 1055 1148 connexionum
1089 1107 1346 1156 didicerint,

33 1167 162 1219 quusi
180 1167 502 1205 sententiarum
524 1164 623 1216 ipsa
642 1164 701 1203 sit
723 1165 903 1204 veritas.
926 1164 984 1203 Et
1000 1163 1349 1218 rursusquidam

34 1222 294 1275 plerumque
319 1222 566 1260 retinentes
584 1232 734 1260 verani
756 1221 1026 1260 sententium
1046 1220 1162 1260 mule
1182 1232 1230 1260 se
1245 1232 1348 1259 con-

31 1285 260 1326 temnunt,
299 1277 404 1330 quia
432 1277 559 1329 leges
594 1276 901 1316 conclusionis
932 1277 1164 1329 ignoraut3
1214 1288 1348 1328 quum

33 1334 194 1374 melior
213 1334 271 1373 sit
290 1334 361 1387 qui
389 1333 512 1372 novit
532 1344 631 1372 esse
653 1333 1032 1372 resurrectionem
1052 1337 1347 1380 mortuorum,

33 1403 165 1443 quum
198 1390 275 1430 ille
309 1390 380 1442 qui
419 1389 542 1428 noxit
574 1400 856 1441 consequens
884 1401 1001 1437 esse,
1038 1393 1099 1436 ut,
1135 1389 1173 1429 si
1201 1399 1347 1427 resur·
1379 1399 1381 1402 ·

33 1446 176 1486 rectio
209 1453 488 1485 mortuorum
526 1456 613 1483 non
647 1451 738 1493 est,
780 1456 925 1497 neque
962 1442 1168 1484 Christus
1201 1456 1347 1484 resur-

33 1503 216 1541 rexerit.

90 1558 137 1597 C.
157 1556 343 1598 XXXV.
404 1556 515 1596 ltem
536 1556 727 1595 scientia
746 1555 1006 1606 definiendi,
1036 1554 1263 1596 dividendi
1286 1565 1348 1596 at-

35 1626 120 1666 que
140 1613 386 1666 partiendi,
413 1625 680 1666 quamquam
702 1612 836 1651 etiam
856 1612 990 1652 rebus
1009 1611 1137 1652 falsis
1156 1612 1348 1666 plerum-

34 1681 120 1722 que
140 1668 427 1717 atlhibeatur,
465 1670 563 1721 ipsu
581 1673 730 1707 tumen
749 1666 866 1707 falsa
884 1682 970 1707 non
997 1676 1084 1717 est,
1123 1682 1266 1721 neque
1293 1668 1347 1708 ub

33 1723 290 1765 hominibus
313 1724 543 1771 instituta,
570 1724 648 1764 sed
677 1725 722 1763 iu
740 1736 888 1764 rerum
905 1725 1081 1764 ratione
1102 1731 1346 1777 compertu.

32 1780 135 1821 Non
156 1782 271 1821 enini
291 1783 395 1834 quin
414 1786 458 1820 et
477 1779 642 1819 fabulis
665 1781 756 1819 suis
777 1792 873 1820 eum
893 1783 1057 1833 po'e'tue
1073 1811 1082 1829 ‚
1111 1788 1155 1820 ct
1175 1781 1348 1833 opinio-

33 1837 164 1877 nibus
184 1838 351 1877 erroris
372 1837 437 1875 sui
462 1836 530 1875 vel
547 1835 650 1874 falsi
669 1833 931 1888 philosophi
951 1837 1019 1876 vel
1040 1837 1173 1876 ctiam
1194 1835 1349 1876 haere-

33 1893 131 1942 tici,
153 1891 238 1932 hoc
261 1899 343 1940 est,
364 1892 465 1932 falsi
480 1890 741 1938 Christiani,
760 1890 975 1932 adhibere
997 1897 1349 1940 consueverunt,

34 1955 279 2001 propterea
294 1948 455 1987 falsum
477 1957 566 1996 cst,
596 1959 738 1999 neque
758 1948 801 1987 in
823 1949 1106 1998 definiendo,
1140 1959 1285 2002 neque
1304 1948 1351 1987 in

36 2005 279 2044 dividendo
300 2012 376 2044 aut
388 2003 624 2057 partiendo
638 2004 809 2056 aliquid
825 2004 1215 2058 complectendum
1231 2015 1348 2051 esse,

37 2061 157 2113 quod
184 2060 239 2099 ad
266 2073 359 2100 rem
388 2062 530 2112 ipsam
558 2073 646 2098 non
672 2061 889 2112 pertinet,
925 2066 1001 2100 aut
1027 2060 1198 2114 aliquid
1228 2058 1351 2112 quod

36 2116 232 2170 pertinet
254 2114 644 2169 praetereundum.
705 2115 806 2155 Hoc
829 2128 982 2155 verum
1018 2123 1106 2163 cst,
1143 2118 1278 2156 etiam
1311 2116 1350 2155 si

38 2185 93 2211 ea
117 2183 229 2225 quae
259 2171 533 2211 definiuntur
560 2178 636 2210 aut
663 2170 993 2211 distribuuntur
1010 2184 1116 2211 vcra
1138 2186 1224 2211 non
1244 2171 1347 2210 sint.

38 2228 149 2270 Num
170 2236 214 2268 et
235 2229 377 2281 ipsum
396 2226 559 2267 fulsum
580 2226 807 2275 definitur,
846 2241 976 2278 quun:
1002 2228 1213 2275 dicimus,
1250 2227 1348 2266 fu!-
