1503 2465
457 130 954 173 ARGUMENTUM.
1262 139 1367 169 xvn

122 221 177 252 34.
208 216 318 250 Aliud
340 226 434 254 esse,
451 215 596 248 novisse
615 213 716 256 leges
734 212 1019 252 conclusionum,
1045 212 1145 247 aliud
1166 214 1370 246 sententia-

151 276 229 297 rum
247 264 452 297 veritatem.

121 314 177 344 35.
208 312 263 343 De
280 313 358 342 arte
378 307 574 341 definiendi
595 310 633 340 et
651 307 853 339 dividendi.

123 361 178 391 36.
206 357 263 390 De
282 354 505 397 eloquentia,
533 355 635 386 cuius
652 354 734 386 finis
754 353 990 395 persuadere.

124 405 179 437 37.
207 403 263 436 De
283 400 444 434 utilitate
463 399 668 433 rhetoricae
688 402 725 432 et
745 397 975 432 dialecticae.

124 452 178 483 38.
206 450 263 482 De
282 458 509 480 numerorum
527 444 728 488 disciplina
746 456 816 478 non
835 457 883 478 ex
903 445 1086 478 hominum
1106 447 1287 484 instituto,
1307 446 1370 479 sed

153 507 201 528 ex
219 505 339 527 rerum
357 497 488 526 natura
505 493 548 525 ab
568 492 775 524 hominibus
795 492 954 524 inventa.

121 544 175 576 39.
203 540 424 584 Repudiatis
442 539 734 582 superstitiosis,
762 539 962 579 superfluis
979 542 1016 571 et
1034 537 1238 571 luxuriosis
1257 537 1372 571 bomi-

151 599 234 621 num
252 586 453 624 institutis,
479 585 688 618 necessaria
707 587 744 618 et
760 583 868 617 utilia
888 583 1089 626 diligenter
1113 584 1368 628 amplectenda

152 645 246 680 esse.

123 683 177 714 40.
203 680 316 713 Recte
336 690 355 711 a
372 675 625 721 philosophis,
649 678 808 711 maxime
827 676 1036 711 Platonicis
1054 677 1194 711 tradita
1212 678 1248 711 in
1269 689 1371 710 usum

154 726 402 760 Christianum
420 724 666 756 convertenda
684 735 776 757 esse.

122 776 179 807 41.
206 771 418 805 Studiosum
443 770 617 803 librorum
646 781 832 803 sacrorum
866 771 1021 804 scientia
1051 782 1115 804 sua
1146 771 1272 804 inflari
1300 781 1372 803 non

153 820 298 853 debere.

62 866 103 900 C.
122 870 176 900 42.
205 864 435 908 Sapientiam
460 874 479 896 e
505 863 689 906 scriptura
712 874 739 895 s.
769 862 934 897 haustam
953 864 1049 896 omni
1070 862 1144 896 alia
1161 862 1269 904 longe
1288 874 1370 906 per·

152 913 343 946 fectiorem
362 921 453 943 esse.

62 542 104 576 0
62 311 105 483 0000
62 219 103 253 0

63 773 102 807 0
63 681 103 714 0

414 1001 626 1035 LIBER
674 1001 1011 1036 TERTIUS.

104 1070 306 1113 Postquam
329 1070 367 1103 in
393 1070 582 1112 superiore
606 1067 703 1102 libro
730 1068 774 1101 de
800 1069 1022 1102 removenda
1050 1070 1236 1112 signorum
1268 1072 1372 1112 igno-

58 1118 179 1153 rantia
194 1118 352 1155 dixerat,
378 1114 445 1149 hoc
463 1117 574 1149 tertio
593 1116 723 1158 quibus
740 1116 946 1148 rationibus
963 1115 1171 1160 scripturae
1189 1117 1371 1161 ambigui-

62 1170 118 1199 tas
143 1163 378 1206 expedienda
405 1163 472 1202 sit,
508 1173 600 1204 quae
627 1174 705 1195 cum
731 1161 765 1194 in
791 1162 973 1204 propriis,
1007 1166 1082 1194 tum
1111 1164 1147 1195 in
1177 1164 1370 1197 translatis

60 1211 175 1254 signis
193 1212 368 1248 occurrat,
388 1209 564 1242 ostendit.
597 1208 641 1241 In
660 1209 822 1252 propriis
841 1208 985 1251 quidem
1004 1220 1052 1241 ex
1070 1209 1370 1254 interpunctione

58 1268 204 1295 vocum,
230 1267 278 1289 ex
297 1267 419 1289 earum
438 1255 758 1298 pronuntiatione,
784 1266 833 1287 ex
851 1255 1005 1297 ancipiti
1026 1256 1233 1297 significatu
1253 1259 1371 1290 oritur

59 1303 298 1345 ambiguitas:
326 1303 418 1345 quod
440 1313 552 1344 genus
570 1313 618 1335 ex
636 1304 813 1335 contextu
832 1301 1010 1334 sermonis
1029 1305 1067 1334 et
1090 1301 1288 1337 collatione
1313 1305 1370 1337 in-

58 1353 282 1393 terpretum,
309 1352 372 1381 aut
393 1347 537 1389 linguae
564 1348 821 1390 praecedentis
845 1347 1076 1390 inspectione
1094 1349 1228 1383 resolvi
1250 1351 1370 1384 docet.

57 1397 102 1431 In
121 1395 311 1429 translatis
330 1406 416 1428 vero
435 1395 550 1436 signis
568 1395 786 1436 ambiguitas
805 1404 915 1436 saepe
935 1394 1133 1433 suboritur,
1161 1408 1266 1439 quum
1287 1398 1370 1440 ipsa

61 1444 172 1476 dictio
197 1454 268 1474 non
292 1442 336 1474 ad
363 1440 494 1473 literae
521 1452 662 1474 sensum
690 1441 841 1483 ponitur
866 1441 903 1472 in
923 1441 1135 1483 scripturis:
1167 1454 1237 1486 qua
1261 1444 1305 1476 de
1329 1455 1368 1477 re

59 1490 252 1533 operosius
271 1488 438 1530 disputat
456 1488 641 1530 traditque
666 1485 828 1528 regulas,
849 1487 978 1528 quibus
1000 1488 1253 1529 dignoscatur,
1284 1501 1369 1523 num

58 1536 213 1580 propria
230 1536 278 1568 sit
295 1533 432 1567 locutio
451 1545 495 1567 an
511 1534 676 1575 figurata,
701 1541 738 1566 et
757 1533 786 1565 si
806 1533 951 1575 quidem
969 1534 1143 1575 figurata,
1169 1548 1239 1579 quo
1259 1540 1368 1580 pacto

59 1583 192 1616 debeat
218 1579 414 1623 explicari.
464 1580 521 1613 Ad
549 1579 797 1622 dignoscenda
821 1580 998 1612 sermonis
1023 1591 1157 1621 genera
1181 1586 1218 1616 et
1234 1584 1367 1623 figura-

58 1632 133 1661 tum
161 1640 181 1661 a
208 1628 360 1671 proprio
388 1627 669 1659 discernendum
696 1625 788 1658 lianc
812 1624 1019 1666 generalem
1044 1627 1159 1661 tradit
1183 1629 1368 1671 regulam:

60 1675 239 1718 quidquid
256 1674 293 1707 in
313 1684 477 1706 sermone
497 1673 619 1705 divino
638 1683 753 1715 neque
769 1672 813 1704 ad
833 1683 971 1704 morum
992 1672 1231 1715 honestatem,
1251 1687 1367 1719 neque

58 1722 104 1755 ad
128 1722 213 1754 fidei
238 1721 430 1753 veritatem
454 1720 605 1762 proprie
623 1718 755 1751 referri
775 1721 910 1760 potest,
929 1719 1120 1760 figuratum
1138 1732 1218 1755 esse
1237 1734 1367 1764 cogno-

57 1779 157 1807 scas;
191 1766 246 1800 cui
274 1765 455 1809 speciales
481 1765 572 1798 alias
598 1776 676 1797 cum
700 1765 847 1797 monitis
874 1768 911 1797 et
937 1766 1258 1802 observationibus
1283 1770 1368 1802 sub·

57 1815 188 1855 iungit.
238 1813 431 1846 Postremo
457 1812 631 1844 Tichonii
660 1811 879 1844 Donatistae
903 1815 1046 1854 septem
1070 1813 1216 1856 regulas
1242 1816 1366 1857 singn-

56 1859 160 1893 latim
178 1860 347 1902 exponit,
375 1870 568 1901 earumque
584 1858 743 1890 studium
762 1859 1001 1891 commendat.

59 1934 99 1967 C.
122 1939 150 1967 l.
199 1934 240 1966 B.
260 1934 316 1966 De
334 1933 451 1976 signis
470 1932 664 1975 arithignis,
677 1943 766 1975 quae
785 1936 868 1965 sunt
886 1937 948 1966 aut
966 1934 1003 1966 in
1019 1933 1142 1966 verbis
1160 1932 1365 1975 scripturae

147 1981 321 2024 propriis,
346 1984 408 2012 aut
427 1981 462 2012 iu
481 1978 683 2012 translatis.

58 2027 101 2061 C.
118 2029 150 2059 2.
199 2038 230 2059 a.
262 2026 458 2059 Verborum
475 2025 714 2069 propriorum
734 2024 930 2068 tmnln'gnas
949 2025 1207 2059 distinctiones
1229 2025 1366 2058 diiudi-

148 2073 220 2106 cari
240 2084 287 2105 ex
303 2070 431 2112 regula
449 2073 533 2104 tidei
553 2075 589 2104 et
607 2072 780 2104 sermonis
801 2072 1086 2105 circumstantia.

59 2119 100 2153 C.
121 2122 150 2152 3.
202 2119 385 2160 Legitima
402 2119 701 2161 pronuntiatione
720 2118 996 2158 ambiguitatem
1014 2129 1125 2162 saepe
1144 2116 1238 2151 tolli.

59 2165 100 2200 C.
116 2169 148 2199 4.
198 2166 383 2198 Dictionis
409 2165 686 2206 ambiguitatem
712 2174 822 2206 saepe
848 2165 957 2198 etiam
981 2163 1075 2199 solvi
1107 2164 1366 2209 praecedentis

148 2212 292 2254 linguae
310 2212 553 2255 inspectione.
1232 2234 1247 2244 x
