1503 2465
126 104 202 145 136
484 104 722 146 AURELII
750 104 1070 146 AUGUSTINI

124 190 315 229 cerdotes
331 189 527 241 plaustum
553 189 760 228 dederunt
781 188 974 229 manibus
999 188 1104 238 suis,
1139 196 1178 229 et
1197 189 1313 242 plebs
1338 202 1433 230 mea

124 244 273 286 dilexit
289 244 364 284 sic.
404 243 469 283 Et
487 243 776 297 qm'dfacietis
794 244 1081 298 infuturum?
1106 245 1141 283 O
1174 257 1195 283 e
1209 245 1257 284 lo
1270 258 1295 298 q
1310 257 1367 284 ue
1381 259 1402 284 n
1415 268 1430 275 -

122 302 205 339 tia
249 306 400 339 tanto
456 300 656 339 terribi
674 301 803 349 lior,
858 307 1052 352 quanto
1106 301 1319 352 purior,
1377 305 1431 339 et

126 361 323 408 quanto
353 355 615 403 solidior,
642 361 796 394 tanto
818 354 1217 395 vehementior!
1254 355 1288 394 O
1310 367 1432 394 vere

124 411 336 450 securis
369 410 662 449 concidens
690 423 712 463 p
728 411 889 450 etras!
922 411 1042 450 Huic
1061 412 1178 449 enim
1201 413 1266 450 rei
1286 410 1431 449 simile

125 479 225 505 esse
244 466 427 505 verbum
446 480 586 514 suum,
609 466 727 518 qnod
747 478 825 519 per
842 473 1022 506 sanctos
1043 465 1284 519 prophetas
1307 465 1430 513 fecit,

123 534 203 574 per
221 520 336 561 hunc
354 523 496 574 ipsum
516 521 778 574 prophetam
795 521 918 561 Deus
945 523 1041 574 ipse
1063 523 1189 561 dixit.
1208 525 1246 570 ¹)
1305 521 1432 559 Absit

124 579 301 629 itaque,
331 578 447 617 absit
478 590 502 616 a
524 578 673 625 nobis,
700 584 747 617 ut
765 578 1026 617 sacerdotes
1048 578 1261 631 plaudant
1279 577 1432 629 iniqua

126 633 399 681 dicentibus,
429 637 473 671 et
497 633 622 684 plebs
651 633 737 672 Dei
763 633 922 686 diligat
948 635 1026 672 sic.
1086 634 1213 672 Absit
1236 646 1260 671 a
1283 632 1430 681 nobis,

124 689 319 740 inquam,
339 694 463 727 tanta
485 688 729 728 dementia!
762 688 875 728 Nam
895 689 1001 742 quid
1016 689 1232 728 faciemus
1251 690 1295 727 in
1315 688 1432 726 futu-

124 756 221 783 rum
231 743 245 783 ‘3
266 744 320 783 Et
331 750 453 783 certe
468 745 611 784 minus
626 745 952 797 intelligantur,
963 747 1106 784 minus
1121 745 1340 796 placeant,
1355 743 1432 781 mi-

125 814 207 839 nus
226 805 436 839 moveant
454 812 566 853 quae
587 800 815 850 dicuntur;
836 813 990 840 verum
1003 802 1042 849 2)
1056 806 1199 839 tamen
1213 800 1430 846 dicantur,

126 860 171 895 et
187 857 320 903 iusta,
339 868 428 895 non
448 856 600 908 iniqua
617 856 810 895 libenter
828 856 1078 895 audiantur.
1130 856 1260 903 Quod
1281 855 1432 906 utique

125 923 214 949 non
236 911 379 960 fieret,
402 913 488 951 nisi
507 913 706 951 suaviter
726 912 998 952 dicerentur.
1031 912 1077 950 ln
1097 911 1263 964 pop-ulo
1284 915 1433 949 autem

126 967 271 1018 gravi,
308 966 360 1005 de
396 979 481 1018 quo
515 966 680 1006 dictum
714 972 782 1007 est
809 967 909 1006 Deo
927 969 987 1017 3):
1032 966 1083 1006 In
1111 967 1271 1020 populo
1304 963 1436 1018 gravi

125 1021 309 1060 landabo
331 1029 382 1069 te,
403 1035 486 1062 nec
505 1021 586 1060 illa
605 1023 803 1062 suavitas
825 1023 1110 1062 delectabilis
1133 1029 1216 1069 est,
1239 1033 1325 1073 qua
1344 1034 1432 1059 non

127 1078 307 1129 quidem
331 1078 483 1129 iniqua
508 1078 735 1125 dicuntur,
772 1079 851 1117 sed
871 1079 1035 1131 exigua
1055 1084 1097 1117 et
1117 1077 1297 1129 fragilia
1313 1076 1433 1115 bona

126 1145 311 1184 spumeo
336 1134 569 1172 verborum
590 1133 757 1172 ambitu
779 1140 1008 1183 ornantur,
1028 1134 1146 1186 quali
1173 1145 1254 1171 nec
1272 1143 1433 1184 magna

126 1195 260 1240 atque
292 1189 475 1228 stabilia
498 1189 712 1228 decenter
738 1194 782 1228 et
808 1191 1007 1242 graviter
1035 1193 1315 1228 ornarentiff.
1376 1186 1432 1225 Et

124 1244 217 1282 tale
252 1244 423 1297 aliquid
458 1245 504 1283 in
537 1244 731 1296 epistola
762 1246 1015 1284 beatissimi
1043 1245 1276 1296 Cypriani,
1312 1242 1433 1296 quod

125 1299 230 1338 ideo
251 1305 357 1351 puto
380 1299 449 1339 vel
467 1300 702 1348 accidisse,
728 1300 801 1339 vel
820 1301 1028 1340 consulto
1047 1299 1216 1339 factum
1238 1310 1361 1347 esse,
1386 1302 1434 1337 ut

125 1355 318 1394 sciretur
337 1368 362 1394 a
379 1356 590 1407 posteris,
609 1368 738 1408 quam
756 1355 955 1408 linguam
975 1356 1206 1395 doctrinae
1219 1352 1433 1393 Christia-

124 1423 208 1449 nae
229 1412 398 1450 sanitas
417 1411 471 1449 ab
499 1413 586 1450 ista
608 1411 908 1450 redundantia
933 1411 1236 1458 revocaverit,
1273 1414 1316 1449 et
1341 1408 1432 1448 elo-

126 1467 353 1517 quentiam
386 1468 641 1518 graviorem
682 1467 1095 1519 modestioremque
1130 1464 1431 1512 restrinxerit,

126 1521 269 1573 qualis
289 1522 334 1560 in
359 1523 454 1561 eius
480 1522 860 1574 consequentibus
886 1522 1029 1561 literis
1056 1534 1214 1560 secure
1243 1524 1430 1567 amatur,

122 1577 340 1629 religiose
360 1577 599 1628 adpetitur,
617 1577 695 1616 sed
711 1577 972 1616 difficillime
992 1577 1216 1629 impletur.
1237 1576 1428 1627 Aitergo

122 1632 314 1684 quodam
339 1632 440 1671 loco
454 1632 515 1681 4):
550 1633 798 1680 „Petamus
817 1631 930 1671 hanc
950 1633 1121 1681 sedem,
1156 1632 1262 1671 dant
1280 1642 1427 1670 seces-

121 1701 217 1726 sum
234 1688 383 1726 vicina
396 1693 587 1736 secreta,
605 1689 678 1727 ubi
700 1688 801 1726 dum
822 1689 1002 1727 erratici
1024 1688 1253 1739 palmitum
1276 1687 1426 1739 lapsus

119 1743 327 1794 pendulis
354 1744 545 1782 nexibus
569 1755 646 1795 per
671 1743 911 1782 arundines
936 1743 1111 1783 baiulas
1141 1747 1321 1794 repunt,
1365 1740 1424 1778 vi-

119 1803 237 1836 team
258 1798 478 1850 porticum
499 1797 689 1837 frondea
706 1803 829 1837 tecta
846 1797 1098 1838 fecerunt.“
1155 1797 1254 1837 Non
1274 1798 1425 1836 dicun-

117 1858 190 1891 tur
221 1855 307 1892 ista
339 1853 424 1891 nisi
460 1854 727 1893 mirabiliter
758 1852 1115 1893 adfluentissima
1147 1852 1424 1892 fecunditate

118 1907 379 1956 facundiae,
406 1908 483 1947 sed
504 1908 766 1959 profusione
787 1910 924 1948 nimia
939 1909 1150 1961 gravitati
1169 1907 1422 1960 displicent.

122 1963 209 2010 Qui
228 1976 334 2002 vero
356 1962 468 2004 haec
487 1969 654 2013 amant,
690 1963 895 2017 profecto
921 1976 1026 2011 eos,
1058 1964 1134 2016 qui
1161 1976 1249 2003 non
1272 1963 1336 2001 ita
1362 1959 1425 1998 di-

168 2100 202 2139 1)
225 2099 282 2131 Cf.
302 2099 430 2133 Ierem.
451 2105 503 2138 23,
524 2105 577 2135 29.
627 2102 661 2143 2)
681 2101 769 2141 „Sic
788 2103 875 2134 Mss.
895 2100 1057 2134 melioris
1075 2106 1196 2132 notae.
1245 2099 1295 2132 At
1313 2098 1422 2131 editi:

118 2154 204 2176 vem
224 2150 345 2177 tamen
365 2146 572 2180 ‹li‹·mztm·.²‘
599 2149 687 2180 Ber..
726 2152 761 2190 3)
782 2148 843 2180 ΡΒ.
863 2151 916 2186 3³,
941 2150 991 2179 18.
1012 2158 1079 2179 sec.
1099 2144 1224 2178 LXX.
1251 2146 1288 2187 4)
1310 2145 1422 2188 Cypr-

119 2190 164 2222 ad
184 2191 316 2223 Donat.
334 2203 392 2235 ep.
415 2198 442 2226 l.
