1503 2465
46 196 74 231 0

53 889 80 922 Γ]
47 336 79 692 ΕΟΟΟΟ

56 1446 83 1478 0

57 1584 92 2172 00020000

403 113 406 117 ’
450 107 938 150 ARGUMENTUM.
1228 117 1353 147 xxm

79 222 88 232 .
108 198 164 230 41.
193 193 400 233 Christum,
425 198 618 237 expertem
636 192 800 236 peccati,
819 202 884 235 pro
904 190 1010 224 nobis
1029 200 1049 224 a
1069 190 1148 223 Deo
1168 195 1354 232 peccatum

138 242 374 286 (sacrificium
392 251 459 284 pro
477 240 657 284 peccatis)
678 240 813 272 factum
840 248 941 277 esse,
969 240 1010 270 ut
1032 236 1356 270 reconciliaremur

135 290 228 322 Deo.

80 360 89 370 .
107 339 161 368 42.
189 333 432 376 Baptismatis
458 336 723 366 sacramentum
750 329 854 364 nobis
875 330 973 371 dari,
1000 334 1039 363 ut
1057 329 1253 363 moriamur
1271 338 1356 372 pec-

138 384 217 414 cato
237 385 273 413 et
290 381 453 412 vivamus
473 390 492 412 a
511 378 657 411 lavacro
677 376 915 411 renascendo.

82 454 90 460 .
109 431 164 461 43.
193 428 272 459 Hoc
290 427 334 459 ad
356 436 479 458 omnes
497 428 533 458 et
551 423 724 468 pan-ulos
742 428 778 457 et
796 423 951 456 maiores
970 422 1169 466 pertinere.

82 498 88 505 .
107 477 162 506 442
188 472 384 506 Peccatum
405 471 476 505 dici
496 482 562 514 pro
582 472 758 513 peccatis,
778 474 813 503 et
830 470 909 503 vice
927 478 1047 508 versa,
1067 472 1106 502 ut
1125 468 1274 512 saepius
1293 479 1356 500 nu-

140 529 258 552 merus
278 517 478 560 singularis
496 528 563 560 pro
584 516 719 560 plurali
740 516 948 549 adhibetur.

85 590 91 598 .
111 568 166 598 45.
196 565 274 598 lam
298 566 336 598 in
360 566 478 608 primo
496 563 628 597 Adami
653 568 803 606 peccato
823 562 950 606 plures
976 561 1119 605 peccati
1139 560 1283 604 species
1302 561 1357 593 in-

141 622 232 644 esse.

86 683 93 690 .
111 661 167 691 46.
194 657 278 690 Non
297 653 410 689 solum
430 656 629 699 primorum
649 654 845 695 hominum,
865 655 927 688 sed
948 654 1362 697 etiamparentumpec·

143 705 233 737 catis
252 702 408 744 obligari
428 702 538 739 filios,
557 701 751 745 probabile
770 707 844 742 est,
866 702 948 735 ideo
967 701 1246 743 regeneratione
1267 709 1359 742 opus

142 762 233 788 esse,
252 749 337 792 quia
353 751 487 782 vitiosa
505 750 703 789 generatio.

84 799 164 828 ‚4⁶1.
194 797 249 829 De
275 797 437 839 peccatis
462 794 615 828 aliorum
640 802 832 838 parentum
860 794 1021 838 posteris
1038 793 1268 836 imputandis
1287 793 1358 825 dif-

141 841 237 875 ficile
256 846 311 875 est
329 842 441 874 dictu.

85 914 94 921 .
115 891 170 921 48.
198 888 395 921 Peccatum
415 886 507 920 illud
528 898 695 929 magnum
715 887 895 929 originale
914 898 985 920 non
1004 884 1097 920 solvi
1116 897 1157 920 ac
1177 884 1267 919 dilui
1285 885 1357 918 nisi

143 946 209 977 per
227 936 464 967 mediatorem
482 933 601 966 Iesum
622 934 820 967 Christum.

87 984 166 1014 As).
195 981 381 1013 Christum
400 981 582 1023 baptismo
599 979 774 1013 Iohannis
792 991 863 1012 non
890 983 1142 1022 regeneratum
1169 988 1267 1017 esse,
1294 976 1360 1010 sed

143 1026 363 1060 humilitatis
384 1027 689 1060 commendandae
709 1038 836 1059 caussa
854 1026 1030 1065 subiisse3
1050 1036 1202 1068 eumque
1215 1030 1251 1058 et
1267 1036 1360 1057 mor-

148 1073 219 1106 teni
239 1076 360 1106 certae
381 1074 668 1116 dispensationis
687 1084 814 1106 caussa
832 1075 1051 1116 suscepisse.

89 1143 96 1151 .
115 1123 170 1153 50.
201 1119 386 1152 Christum
405 1118 606 1152 abstulisse
625 1131 695 1151 non
713 1118 830 1152 solum
850 1130 957 1152 unum
968 1116 1359 1161 originalepeccatum,

147 1167 208 1199 sed
233 1169 362 1199 cuncta
381 1164 488 1198 simul
507 1176 597 1208 quae
616 1167 743 1198 addita
760 1166 954 1199 invenerit.

72 1235 97 1246 2.
117 1216 170 1245 51.
202 1213 376 1245 Homines
397 1223 522 1245 omnes
541 1211 741 1245 exAdamo
759 1215 864 1245 natos
885 1211 1116 1246 damnatione
1136 1210 1306 1251 detineri,
1326 1210 1363 1243 in

151 1259 299 1292 Christo
318 1261 465 1291 renatos
485 1269 505 1291 a
523 1259 754 1291 damnatione
773 1257 938 1292 liberari.

92 1309 167 1339 ‚52
194 1306 269 1338 Per
288 1306 525 1347 baptismum,
554 1306 682 1337 mortis
707 1309 744 1337 et
766 1304 1047 1338 resurrectionis
1073 1303 1212 1337 Christi
1238 1303 1364 1344 imagi-

146 1363 240 1389 nem,
258 1357 418 1383 mortuos
437 1362 516 1383 esse
534 1358 684 1394 peccato
704 1355 741 1384 et
758 1353 914 1384 maiores
932 1359 968 1384 et
986 1350 1172 1394 parvulos,
1193 1354 1230 1382 ut
1249 1352 1285 1383 in
1301 1362 1363 1382 no-

145 1399 259 1430 vitate
277 1398 373 1430 vitae
392 1396 589 1430 ambulent.

91 1471 98 1478 .
118 1447 172 1477 53.
203 1444 341 1477 Christi
360 1454 514 1481 crucem,
542 1442 781 1486 sepulturam,
805 1443 1129 1483 resurrectionem,
1154 1442 1363 1476 adscensio-

147 1502 228 1523 nem
257 1495 293 1523 et
318 1490 442 1523 sedem
468 1490 514 1522 ad
534 1490 724 1523 dexteram
742 1491 813 1523 Dei
840 1502 919 1524 esse
944 1490 1121 1532 imagines
1139 1491 1235 1523 vitae
1256 1490 1362 1523 Chri—

147 1538 299 1569 stianae.

92 1608 98 1616 .
119 1586 174 1616 54.
202 1582 275 1616 Sed
297 1580 437 1615 Christi
462 1581 505 1616 de
525 1580 627 1615 coelo
646 1583 841 1616 adventum
859 1594 930 1615 non
949 1583 1136 1626 pertinere
1155 1581 1200 1615 ad
1226 1593 1286 1616 res
1304 1594 1364 1624 ge-

148 1633 236 1666 stas,
263 1629 326 1661 sed
346 1629 382 1661 in
403 1630 472 1661 sune
492 1628 627 1662 saeculi
650 1630 839 1671 gerendas.

92 1701 99 1709 .
120 1679 174 1709 55.
203 1675 342 1708 Christi
363 1676 538 1708 iudicium
560 1681 603 1708 de
622 1676 713 1708 vivis
731 1679 767 1708 et
786 1676 939 1708 mortuis
958 1672 1098 1720 duplici
1125 1676 1231 1709 modo
1257 1674 1365 1709 intel·

147 1723 210 1764 ligi
231 1732 352 1764 posse.

94 1794 101 1802 .
121 1771 176 1802 56.
205 1769 260 1801 De
287 1768 419 1810 spiritu
444 1778 471 1800 s.
497 1770 532 1800 et
550 1767 706 1800 ecclesia
725 1770 823 1800 recto
843 1767 971 1800 ordine
991 1767 1026 1801 in
1045 1766 1210 1810 symbolo
1230 1778 1367 1812 propo-

149 1816 242 1847 sitis.
295 1812 497 1847 Ecclesiam
518 1813 700 1856 duplicem
720 1825 800 1846 esse
819 1814 994 1857 templum
1013 1816 1096 1848 Dei.

96 1888 102 1894 .
125 1863 178 1893 57.
207 1862 262 1893 De
281 1859 459 1893 ecclesiae
479 1859 651 1892 coelestis
669 1864 777 1892 statu.

95 1932 102 1940 .
123 1911 175 1939 58.
204 1909 302 1945 Quae
321 1904 1060 1945 anaelornmsintconditioncsetclasses,
1083 1908 1260 1941 incertum
1275 1920 1367 1940 esse.

97 1955 177 1986 ,59.
205 1953 262 1985 De
287 1952 498 1993 angelorum
526 1954 740 1996 corporibus
768 1953 1075 1996 disceptationem
1111 1953 1367 1987 difficillimam

152 2010 250 2037 esse,
276 2009 392 2041 neque
411 1998 551 2031 utilem.

96 2069 103 2077 .
123 2047 177 2079 60.
206 2046 324 2086 Magis
342 2056 433 2088 opus
451 2056 530 2077 esse
556 2045 768 2087 dignoscere
787 2050 935 2078 satanae
952 2049 1050 2079 artes
1069 2047 1104 2078 in
1123 2046 1287 2088 angelum
1314 2045 1369 2079 lu-

156 2092 207 2124 cis
225 2103 263 2124 se
283 2093 588 2133 transfigurantis.

97 2162 103 2169 .
123 2139 177 2171 61.
206 2136 409 2170 Ecclesiam
435 2149 514 2171 esse
541 2142 576 2171 et
602 2136 796 2171 coelestem
816 2143 851 2169 et
872 2139 1169 2180 pereni-inantem
1190 2140 1226 2172 in
1245 2141 1368 2176 terris,

154 2185 367 2217 mediatoris
385 2186 559 2226 sangnine
579 2196 598 2217 a
615 2186 778 2228 pcccatis
796 2185 1008 2218 redemtam.

1236 2233 1252 2243 x
