1503 2465
85 107 163 150 106
439 105 674 147 AURELII
704 101 1022 146 AUGUSTINI

82 192 169 233 hoc
194 204 309 232 nune
337 203 424 230 non
451 190 643 243 agimu53
678 190 784 230 alibi
818 193 966 229 autem
996 193 1128 241 atque
1154 188 1262 228 alibi
1286 199 1382 228 sae·

81 250 265 303 pissime
284 248 369 286 ista
388 247 574 299 egimus.

140 305 187 345 C.
207 301 413 342 XXXIV.
475 301 646 350 Quarta
672 298 881 340 'l‘ichonii
900 299 1058 353 regula
1081 304 1150 339 est
1176 298 1235 338 de
1266 310 1382 351 spe-

85 360 164 400 eie
190 365 239 399 et
266 368 471 412 genere.
506 356 580 397 Sic
601 357 715 396 enim
736 368 833 395 eam
848 361 994 403 vocat,
1014 355 1169 394 volens
1186 353 1383 407 intelligi

84 415 280 468 speciem
301 418 519 466 partem,
541 425 681 464 genus
700 417 846 451 autem
862 416 1050 459 totum,
1071 412 1196 449 euius
1212 422 1265 449 ea
1280 422 1383 462 pars

87 477 170 520 est,
191 482 319 522 quam
341 474 566 520 nuncupat
584 468 795 520 speeiem,
818 467 934 506 sicut
953 479 1038 505 una
1059 477 1259 518 quaeque
1280 465 1384 504 civi-

84 531 154 566 tas
178 538 279 578 pars
304 530 373 564 est
402 526 554 576 utique
583 523 891 562 universitatis
915 522 1135 575 gentium:
1168 519 1282 560 hanc
1306 520 1385 558 ille

85 587 218 622 vocat
246 581 460 633 speciem,
485 591 626 631 genus
651 584 797 617 autem
824 590 976 616 omnes
997 583 1168 629 gentes,
1228 575 1385 628 Neque

86 636 159 676 hic
191 649 243 676 ea
266 635 548 675 discernendi
574 634 800 673 subtilitas
826 632 1079 673 adhibenda
1102 639 1190 680 est,
1225 644 1336 683 quae
1361 643 1388 670 a

87 692 339 732 dialecticis
360 690 567 739 traditur,
588 690 659 741 qui
680 690 796 728 inter
817 694 985 741 partem
1002 695 1045 726 et
1066 688 1260 740 speciem
1280 685 1386 739 quid

85 748 264 787 intersit
298 746 555 786 acutissime
590 746 831 797 disputant.
893 744 1056 783 Eadem
1088 745 1202 782 ratio
1229 747 1316 791 est,
1349 743 1389 781 si

87 817 174 843 non
195 803 248 842 (16
270 815 356 842 una
374 813 548 854 quaque
568 801 772 849 civitate,
798 799 878 839 sed
901 800 955 839 de
978 811 1066 838 una
1089 810 1262 851 quaque
1288 809 1388 850 pro-

87 859 234 899 vincia
259 859 331 898 vel
355 863 488 911 gente
512 857 583 896 vel
609 869 747 909 regno
773 855 862 895 tale
891 855 1060 907 aliquid
1080 854 1122 891 in
1143 853 1302 892 divinis
1322 864 1388 890 re-

89 914 288 967 periatur
307 914 514 966 eloquiis.
572 911 670 951 Non
693 912 835 950 solum
857 913 987 959 enim,
1006 909 1128 948 verbi
1155 910 1313 961 gratia,
1335 907 1389 946 (16

89 969 347 1017 Ierusalem,
367 968 439 1008 vel
460 968 513 1008 de
535 968 684 1020 aliqua
705 969 902 1020 gentium
922 966 1119 1013 civitate,
1140 965 1232 1003 sive
1248 965 1387 1015 Tyro,

90 1026 184 1064 sive
210 1024 485 1077 Babylonia,
512 1025 605 1063 sive
630 1024 719 1062 alia
743 1022 943 1075 qualibet
966 1021 1130 1060 dieitur
1154 1019 1320 1072 aliquid
1345 1018 1390 1057 in

90 1081 323 1133 seripturis
343 1081 524 1127 sanetis,
546 1079 666 1131 quod
684 1078 863 1117 modum
882 1078 978 1117 eius
1000 1076 1202 1122 excedat,
1225 1080 1268 1113 et
1287 1087 1389 1113 con-

90 1138 240 1175 veniat
256 1137 407 1188 potius
428 1134 633 1174 omnibus
658 1133 889 1187 gentibus,
914 1145 1069 1172 verum
1093 1131 1228 1170 etiam
1252 1129 1305 1168 de
1325 1129 1391 1167 lu-

92 1191 223 1240 daea,
259 1191 313 1230 de
339 1191 570 1243 Aegypto,
603 1190 657 1229 de
680 1189 885 1242 Assyria,
923 1194 968 1228 et
993 1197 1269 1241 quacumque
1303 1185 1393 1224 alia

92 1255 246 1300 gente,
273 1247 317 1286 in
339 1258 425 1300 qua
442 1251 544 1285 sunt
560 1245 774 1298 plurimae
795 1245 1021 1292 civitates,
1047 1256 1132 1281 non
1151 1246 1299 1280 tamen
1326 1245 1392 1278 to-

91 1309 164 1342 tus
200 1302 343 1351 orbis,
378 1302 456 1341 sed
491 1314 593 1353 pars
618 1302 714 1340 eius
739 1305 827 1348 est,
864 1300 1028 1340 dieitur
1050 1297 1167 1350 quod
1192 1299 1395 1335 transeat

96 1358 191 1397 eius
210 1358 404 1405 modum,
426 1362 471 1396 et
489 1362 707 1409 congruat
724 1356 873 1407 potius
892 1355 1116 1402 universo,
1138 1353 1263 1392 cuius
1283 1349 1394 1390 haec

95 1426 195 1467 pars
216 1416 305 1463 est,
331 1413 423 1462 vel,
448 1413 565 1451 sicut
582 1414 667 1451 iste
689 1411 906 1464 adpellat,
931 1409 1110 1463 generi,
1136 1408 1260 1446 cuius
1282 1405 1393 1445 haee

95 1469 271 1521 speeies
291 1474 372 1508 est.
432 1468 558 1507 Unde
579 1468 683 1507 etin
704 1466 908 1506 notitiam
923 1465 1042 1517 vulgi
1064 1463 1199 1503 verba
1217 1464 1305 1501 ista
1321 1474 1393 1500 ve-

96 1530 272 1572 nerunt,
291 1530 339 1563 ut
359 1524 491 1562 etiam
510 1523 679 1562 idiotae
697 1522 968 1574 intelligant,
990 1520 1096 1572 quid
1115 1517 1393 1571 specialiter,

96 1578 200 1632 quid
226 1579 500 1632 generaliter
522 1580 564 1617 in
592 1590 870 1631 quocumque
899 1580 1140 1629 praecepto
1171 1573 1392 1626 imperiali

95 1636 153 1674 sit
173 1636 480 1674 constitutum.
530 1634 601 1673 Fit
624 1632 709 1672 hoe.
734 1635 867 1672 etiam
893 1632 946 1671 de
972 1629 1245 1670 hominibus:
1279 1629 1394 1667 sieut

96 1703 163 1739 ea,
184 1703 295 1743 quae
316 1690 369 1729 (16
390 1690 630 1730 Salomone
652 1689 859 1728 dicuntur
874 1689 927 1737 1),
947 1686 1169 1726 excedunt
1187 1684 1283 1723 eius
1302 1697 1395 1722 mo-

96 1745 218 1795 dum,
246 1752 290 1784 et
309 1746 457 1798 potius
476 1745 529 1783 ad
551 1743 773 1783 Christum
793 1744 863 1782 vel
881 1743 1139 1789 ecelesiam,
1167 1740 1291 1779 cuius
1314 1739 1393 1777 ille

96 1814 197 1854 pars
219 1808 301 1849 est,
331 1801 473 1840 relata
491 1801 757 1839 clarescunt.
818 1798 912 1838 Nee
932 1798 1106 1850 species
1126 1806 1302 1847 semper
1322 1806 1395 1833 ex·

97 1857 290 1906 ceditur3
323 1868 456 1908 saepe
476 1856 592 1894 enim
610 1855 720 1894 talia
740 1855 965 1903 dicuntur,
990 1864 1102 1905 quae
1128 1851 1200 1890 vel
1226 1851 1265 1889 ei
1288 1862 1394 1902 quo-

97 1924 201 1964 que,
233 1912 307 1951 vel
340 1913 379 1950 ei
411 1910 606 1950 fortasse
639 1909 947 1950 tantummodo
981 1906 1262 1960 apertissime
1291 1917 1393 1944 eon·

99 1973 272 2020 gruunt.
314 1966 401 2007 Sed
422 1979 552 2019 quum
573 1979 598 2005 a
617 1966 767 2019 speeie
786 1965 1002 2004 transitur
1018 1963 1071 2002 ad
1093 1975 1246 2015 genus,
1268 1960 1391 2013 quasi

99 2023 243 2062 adhuc
258 2022 312 2062 (le
332 2023 482 2074 specie
498 2022 709 2073 loquente
730 2021 964 2071 scriptura,
984 2019 1043 2058 ibi
1061 2018 1245 2070 vigilare
1262 2015 1396 2055 debet

100 2077 284 2117 lectoris
309 2078 522 2126 intentio,
552 2089 604 2117 ne
630 2082 816 2131 quaerat
838 2078 882 2116 in
910 2075 1082 2127 speeie,
1109 2073 1225 2125 quod
1250 2073 1294 2111 in
1321 2082 1395 2124 ge·

152 2202 182 2240 l)
202 2202 221 2230 2
237 2196 332 2230 Sam.
352 2200 382 2237 ἶ,
405 2202 454 2232 14.
475 2209 521 2232 55.
