<?xml version="1.0" encoding="UTF-8"?>
<!DOCTYPE html PUBLIC "-//W3C//DTD XHTML 1.0 Transitional//EN"
    "http://www.w3.org/TR/xhtml1/DTD/xhtml1-transitional.dtd">
<html xmlns="http://www.w3.org/1999/xhtml" xml:lang="en" lang="en">
 <head>
  <title>
</title>
<meta http-equiv="Content-Type" content="text/html;charset=utf-8" />
  <meta name='ocr-system' content='tesseract 3.04.00' />
  <meta name='ocr-capabilities' content='ocr_page ocr_carea ocr_par ocr_line ocrx_word'/>
</head>
<body>
  <div class='ocr_page' id='page_1' title='image "./dedoctrinachrist00augu_0063.png"; bbox 0 0 1503 2465; ppageno 0'>
   <div class='ocr_carea' id='block_1_1' title="bbox 227 85 1347 128">
    <p class='ocr_par' dir='ltr' id='par_1_1' title="bbox 227 85 1347 128">
     <span class='ocr_line' id='line_1_1' title="bbox 227 85 1347 128; baseline 0.002 -3"><span class='ocrx_word' id='word_1_1' title='bbox 227 85 307 125; x_wconf 86' lang='lat' dir='ltr'>DE</span> <span class='ocrx_word' id='word_1_2' title='bbox 338 85 644 126; x_wconf 74' lang='lat' dir='ltr'><strong>DOCTRINA</strong></span> <span class='ocrx_word' id='word_1_3' title='bbox 675 86 907 128; x_wconf 83' lang='lat' dir='ltr'><strong>CHRIST.</strong></span> <span class='ocrx_word' id='word_1_4' title='bbox 968 87 1082 128; x_wconf 83' lang='lat' dir='ltr'><strong>LIB.</strong></span> <span class='ocrx_word' id='word_1_5' title='bbox 1115 87 1147 128; x_wconf 94' lang='grc' dir='ltr'>Ι.</span> <span class='ocrx_word' id='word_1_6' title='bbox 1296 89 1347 127; x_wconf 81' lang='lat'>25</span> 
     </span>
    </p>
   </div>
   <div class='ocr_carea' id='block_1_2' title="bbox 33 170 1352 1958">
    <p class='ocr_par' dir='ltr' id='par_1_2' title="bbox 34 170 1352 1565">
     <span class='ocr_line' id='line_1_2' title="bbox 34 170 1347 225; baseline 0.001 -14"><span class='ocrx_word' id='word_1_7' title='bbox 34 171 257 211; x_wconf 84' lang='lat' dir='ltr'><strong>tissimum</strong></span> <span class='ocrx_word' id='word_1_8' title='bbox 277 176 359 219; x_wconf 83' lang='lat' dir='ltr'>est,</span> <span class='ocrx_word' id='word_1_9' title='bbox 380 170 523 210; x_wconf 86' lang='lat' dir='ltr'>fuisse</span> <span class='ocrx_word' id='word_1_10' title='bbox 545 171 685 210; x_wconf 83' lang='lat' dir='ltr'>visum</span> <span class='ocrx_word' id='word_1_11' title='bbox 705 172 932 224; x_wconf 86' lang='lat' dir='ltr'>apostolo,</span> <span class='ocrx_word' id='word_1_12' title='bbox 960 185 1050 213; x_wconf 93' lang='lat' dir='ltr'>non</span> <span class='ocrx_word' id='word_1_13' title='bbox 1069 184 1169 212; x_wconf 90' lang='lat' dir='ltr'>esse</span> <span class='ocrx_word' id='word_1_14' title='bbox 1189 184 1347 225; x_wconf 86' lang='lat' dir='ltr'>pecca·</span> 
     </span>
     <span class='ocr_line' id='line_1_3' title="bbox 34 225 1348 279; baseline 0.001 -12"><span class='ocrx_word' id='word_1_15' title='bbox 34 233 141 275; x_wconf 85' lang='lat' dir='ltr'>tum,</span> <span class='ocrx_word' id='word_1_16' title='bbox 162 228 199 266; x_wconf 90' lang='lat' dir='ltr'>si</span> <span class='ocrx_word' id='word_1_17' title='bbox 219 227 318 279; x_wconf 89' lang='lat' dir='ltr'>quis</span> <span class='ocrx_word' id='word_1_18' title='bbox 341 234 418 266; x_wconf 88' lang='lat' dir='ltr'>aut</span> <span class='ocrx_word' id='word_1_19' title='bbox 435 239 524 265; x_wconf 89' lang='lat' dir='ltr'>non</span> <span class='ocrx_word' id='word_1_20' title='bbox 545 225 807 275; x_wconf 74' lang='lat' dir='ltr'>Christiani,</span> <span class='ocrx_word' id='word_1_21' title='bbox 840 233 917 267; x_wconf 85' lang='lat' dir='ltr'>aut</span> <span class='ocrx_word' id='word_1_22' title='bbox 933 228 1104 268; x_wconf 88' lang='lat' dir='ltr'>inimici</span> <span class='ocrx_word' id='word_1_23' title='bbox 1123 229 1348 268; x_wconf 79' lang='lat' dir='ltr'>adultera·</span> 
     </span>
     <span class='ocr_line' id='line_1_4' title="bbox 34 283 1348 332; baseline 0.001 -10"><span class='ocrx_word' id='word_1_24' title='bbox 34 283 150 322; x_wconf 68' lang='lat' dir='ltr'>verit</span> <span class='ocrx_word' id='word_1_25' title='bbox 170 294 370 330; x_wconf 88' lang='lat' dir='ltr'>uxorem,</span> <span class='ocrx_word' id='word_1_26' title='bbox 390 288 467 321; x_wconf 83' lang='lat' dir='ltr'>aut</span> <span class='ocrx_word' id='word_1_27' title='bbox 485 294 585 321; x_wconf 84' lang='lat' dir='ltr'>eum</span> <span class='ocrx_word' id='word_1_28' title='bbox 605 283 840 332; x_wconf 84' lang='lat' dir='ltr'>occiderit,</span> <span class='ocrx_word' id='word_1_29' title='bbox 860 289 938 324; x_wconf 87' lang='lat' dir='ltr'>aut</span> <span class='ocrx_word' id='word_1_30' title='bbox 955 285 1051 324; x_wconf 87' lang='grc'><strong>61115</strong></span> <span class='ocrx_word' id='word_1_31' title='bbox 1070 296 1165 324; x_wconf 86' lang='lat' dir='ltr'>rem</span> <span class='ocrx_word' id='word_1_32' title='bbox 1186 297 1348 324; x_wconf 84' lang='lat' dir='ltr'>concu-</span> 
     </span>
     <span class='ocr_line' id='line_1_5' title="bbox 35 338 1349 391; baseline 0.002 -14"><span class='ocrx_word' id='word_1_33' title='bbox 35 339 184 391; x_wconf 82' lang='lat' dir='ltr'>pierit.</span> <span class='ocrx_word' id='word_1_34' title='bbox 234 339 365 386; x_wconf 71' lang='lat' dir='ltr'>Quod</span> <span class='ocrx_word' id='word_1_35' title='bbox 385 339 419 377; x_wconf 89' lang='lat' dir='ltr'>si</span> <span class='ocrx_word' id='word_1_36' title='bbox 441 338 661 378; x_wconf 88' lang='lat' dir='ltr'>dementis</span> <span class='ocrx_word' id='word_1_37' title='bbox 681 344 750 378; x_wconf 83' lang='lat' dir='ltr'>est</span> <span class='ocrx_word' id='word_1_38' title='bbox 771 339 937 388; x_wconf 80' lang='lat' dir='ltr'>dicere,</span> <span class='ocrx_word' id='word_1_39' title='bbox 956 339 1244 380; x_wconf 88' lang='lat' dir='ltr'>manifestum</span> <span class='ocrx_word' id='word_1_40' title='bbox 1265 346 1349 388; x_wconf 86' lang='lat' dir='ltr'>est,</span> 
     </span>
     <span class='ocr_line' id='line_1_6' title="bbox 38 393 1352 449; baseline 0.001 -16"><span class='ocrx_word' id='word_1_41' title='bbox 38 406 213 433; x_wconf 82' lang='lat' dir='ltr'>omnem</span> <span class='ocrx_word' id='word_1_42' title='bbox 234 393 458 434; x_wconf 85' lang='lat' dir='ltr'>hominem</span> <span class='ocrx_word' id='word_1_43' title='bbox 479 395 728 447; x_wconf 87' lang='lat' dir='ltr'>proximum</span> <span class='ocrx_word' id='word_1_44' title='bbox 760 408 860 434; x_wconf 84' lang='lat' dir='ltr'>esse</span> <span class='ocrx_word' id='word_1_45' title='bbox 882 396 1208 449; x_wconf 82' lang='lat' dir='ltr'>deputandum,</span> <span class='ocrx_word' id='word_1_46' title='bbox 1245 396 1352 449; x_wconf 84' lang='lat' dir='ltr'>quia</span> 
     </span>
     <span class='ocr_line' id='line_1_7' title="bbox 37 450 1351 503; baseline 0.001 -14"><span class='ocrx_word' id='word_1_47' title='bbox 37 463 147 503; x_wconf 82' lang='lat' dir='ltr'>erga</span> <span class='ocrx_word' id='word_1_48' title='bbox 172 450 393 489; x_wconf 85' lang='lat' dir='ltr'>neminem</span> <span class='ocrx_word' id='word_1_49' title='bbox 418 450 693 502; x_wconf 86' lang='lat' dir='ltr'>operandum</span> <span class='ocrx_word' id='word_1_50' title='bbox 720 457 789 490; x_wconf 87' lang='lat' dir='ltr'>est</span> <span class='ocrx_word' id='word_1_51' title='bbox 809 451 988 492; x_wconf 92' lang='lat' dir='ltr'>malum.</span> <span class='ocrx_word' id='word_1_52' title='bbox 1048 451 1140 491; x_wconf 85' lang='lat' dir='ltr'>Iam</span> <span class='ocrx_word' id='word_1_53' title='bbox 1174 465 1282 491; x_wconf 67' lang='lat' dir='ltr'>vero</span> <span class='ocrx_word' id='word_1_54' title='bbox 1313 452 1351 490; x_wconf 90' lang='lat' dir='ltr'>si</span> 
     </span>
     <span class='ocr_line' id='line_1_8' title="bbox 35 506 1351 561; baseline 0.001 -16"><span class='ocrx_word' id='word_1_55' title='bbox 35 507 106 546; x_wconf 74' lang='lat' dir='ltr'>vel</span> <span class='ocrx_word' id='word_1_56' title='bbox 127 507 195 545; x_wconf 84' lang='lat' dir='ltr'>eui</span> <span class='ocrx_word' id='word_1_57' title='bbox 219 506 522 558; x_wconf 87' lang='lat' dir='ltr'>praebendum</span> <span class='ocrx_word' id='word_1_58' title='bbox 541 512 628 552; x_wconf 89' lang='lat' dir='ltr'>est,</span> <span class='ocrx_word' id='word_1_59' title='bbox 653 508 727 546; x_wconf 74' lang='lat' dir='ltr'>vel</span> <span class='ocrx_word' id='word_1_60' title='bbox 745 520 770 546; x_wconf 85' lang='lat' dir='ltr'>a</span> <span class='ocrx_word' id='word_1_61' title='bbox 788 520 875 559; x_wconf 88' lang='lat' dir='ltr'>quo</span> <span class='ocrx_word' id='word_1_62' title='bbox 894 508 1026 547; x_wconf 87' lang='lat' dir='ltr'>nobis</span> <span class='ocrx_word' id='word_1_63' title='bbox 1045 508 1351 561; x_wconf 84' lang='lat' dir='ltr'>praebendum</span> 
     </span>
     <span class='ocr_line' id='line_1_9' title="bbox 37 562 1349 616; baseline -0.001 -14"><span class='ocrx_word' id='word_1_64' title='bbox 37 569 107 602; x_wconf 83' lang='lat' dir='ltr'>est</span> <span class='ocrx_word' id='word_1_65' title='bbox 134 563 329 602; x_wconf 77' lang='lat' dir='ltr'>officium</span> <span class='ocrx_word' id='word_1_66' title='bbox 352 562 719 611; x_wconf 81' lang='lat' dir='ltr'>misericordiae,</span> <span class='ocrx_word' id='word_1_67' title='bbox 755 570 880 602; x_wconf 78' lang='lat' dir='ltr'>recte</span> <span class='ocrx_word' id='word_1_68' title='bbox 909 565 1142 616; x_wconf 88' lang='lat' dir='ltr'>proximus</span> <span class='ocrx_word' id='word_1_69' title='bbox 1169 564 1349 611; x_wconf 87' lang='lat' dir='ltr'>dieitur,</span> 
     </span>
     <span class='ocr_line' id='line_1_10' title="bbox 34 617 1350 673; baseline -0.001 -14"><span class='ocrx_word' id='word_1_70' title='bbox 34 617 324 660; x_wconf 86' lang='lat' dir='ltr'>manifestum</span> <span class='ocrx_word' id='word_1_71' title='bbox 345 622 426 667; x_wconf 90' lang='lat' dir='ltr'>est,</span> <span class='ocrx_word' id='word_1_72' title='bbox 448 617 534 657; x_wconf 97' lang='grc'><strong>1106</strong></span> <span class='ocrx_word' id='word_1_73' title='bbox 552 624 812 671; x_wconf 85' lang='lat' dir='ltr'>praecepto,</span> <span class='ocrx_word' id='word_1_74' title='bbox 827 632 914 672; x_wconf 87' lang='lat' dir='ltr'>quo</span> <span class='ocrx_word' id='word_1_75' title='bbox 932 620 1140 659; x_wconf 90' lang='lat' dir='ltr'>iubemur</span> <span class='ocrx_word' id='word_1_76' title='bbox 1157 620 1350 673; x_wconf 81' lang='lat' dir='ltr'>diligere</span> 
     </span>
     <span class='ocr_line' id='line_1_11' title="bbox 35 674 1350 728; baseline -0.001 -14"><span class='ocrx_word' id='word_1_77' title='bbox 35 676 309 728; x_wconf 82' lang='lat' dir='ltr'>proximum,</span> <span class='ocrx_word' id='word_1_78' title='bbox 345 674 478 714; x_wconf 89' lang='lat' dir='ltr'>etiam</span> <span class='ocrx_word' id='word_1_79' title='bbox 505 679 688 713; x_wconf 85' lang='lat' dir='ltr'>sanctos</span> <span class='ocrx_word' id='word_1_80' title='bbox 715 676 903 728; x_wconf 77' lang='lat' dir='ltr'>angelos</span> <span class='ocrx_word' id='word_1_81' title='bbox 932 676 1175 725; x_wconf 80' lang='lat' dir='ltr'>contineri,</span> <span class='ocrx_word' id='word_1_82' title='bbox 1210 689 1235 715; x_wconf 85' lang='lat' dir='ltr'>a</span> <span class='ocrx_word' id='word_1_83' title='bbox 1256 675 1350 728; x_wconf 85' lang='lat' dir='ltr'>qui-</span> 
     </span>
     <span class='ocr_line' id='line_1_12' title="bbox 36 730 1349 783; baseline -0.002 -12"><span class='ocrx_word' id='word_1_84' title='bbox 36 732 118 771; x_wconf 87' lang='lat' dir='ltr'>bus</span> <span class='ocrx_word' id='word_1_85' title='bbox 144 737 270 771; x_wconf 86' lang='lat' dir='ltr'>tanta</span> <span class='ocrx_word' id='word_1_86' title='bbox 290 730 421 769; x_wconf 87' lang='lat' dir='ltr'>nobis</span> <span class='ocrx_word' id='word_1_87' title='bbox 456 730 798 770; x_wconf 77' lang='lat' dir='ltr'>misericordiae</span> <span class='ocrx_word' id='word_1_88' title='bbox 831 731 1150 783; x_wconf 84' lang='lat' dir='ltr'>impenduntur</span> <span class='ocrx_word' id='word_1_89' title='bbox 1185 732 1349 779; x_wconf 82' lang='lat' dir='ltr'>officia,</span> 
     </span>
     <span class='ocr_line' id='line_1_13' title="bbox 37 786 1350 841; baseline -0.001 -15"><span class='ocrx_word' id='word_1_90' title='bbox 37 793 203 841; x_wconf 85' lang='lat' dir='ltr'>quanta</span> <span class='ocrx_word' id='word_1_91' title='bbox 227 786 377 826; x_wconf 89' lang='lat' dir='ltr'>multis</span> <span class='ocrx_word' id='word_1_92' title='bbox 403 786 650 825; x_wconf 62' lang='lat' dir='ltr'>divinarum</span> <span class='ocrx_word' id='word_1_93' title='bbox 677 787 1000 839; x_wconf 83' lang='lat' dir='ltr'>scripturarum</span> <span class='ocrx_word' id='word_1_94' title='bbox 1020 788 1134 827; x_wconf 88' lang='grc'><strong>10615</strong></span> <span class='ocrx_word' id='word_1_95' title='bbox 1154 786 1350 827; x_wconf 86' lang='lat' dir='ltr'>animad-</span> 
     </span>
     <span class='ocr_line' id='line_1_14' title="bbox 36 841 1349 894; baseline -0.002 -11"><span class='ocrx_word' id='word_1_96' title='bbox 36 850 214 883; x_wconf 68' lang='lat' dir='ltr'>vertere.</span> <span class='ocrx_word' id='word_1_97' title='bbox 235 841 369 881; x_wconf 79' lang='lat' dir='ltr'>facile</span> <span class='ocrx_word' id='word_1_98' title='bbox 393 847 474 881; x_wconf 86' lang='lat' dir='ltr'>est.</span> <span class='ocrx_word' id='word_1_99' title='bbox 535 842 602 882; x_wconf 80' lang='lat' dir='ltr'>Ex</span> <span class='ocrx_word' id='word_1_100' title='bbox 622 855 709 894; x_wconf 88' lang='lat' dir='ltr'>quo</span> <span class='ocrx_word' id='word_1_101' title='bbox 731 849 775 882; x_wconf 87' lang='lat' dir='ltr'>et</span> <span class='ocrx_word' id='word_1_102' title='bbox 798 843 893 894; x_wconf 86' lang='lat' dir='ltr'>ipse</span> <span class='ocrx_word' id='word_1_103' title='bbox 914 843 1039 882; x_wconf 87' lang='lat' dir='ltr'>Deus</span> <span class='ocrx_word' id='word_1_104' title='bbox 1063 848 1107 883; x_wconf 87' lang='lat' dir='ltr'>et</span> <span class='ocrx_word' id='word_1_105' title='bbox 1126 842 1349 882; x_wconf 85' lang='lat' dir='ltr'>Dominus</span> 
     </span>
     <span class='ocr_line' id='line_1_15' title="bbox 38 898 1349 951; baseline -0.001 -13"><span class='ocrx_word' id='word_1_106' title='bbox 38 905 194 939; x_wconf 86' lang='lat' dir='ltr'>noster</span> <span class='ocrx_word' id='word_1_107' title='bbox 214 898 463 951; x_wconf 85' lang='lat' dir='ltr'>proximum</span> <span class='ocrx_word' id='word_1_108' title='bbox 485 909 533 937; x_wconf 88' lang='lat' dir='ltr'>se</span> <span class='ocrx_word' id='word_1_109' title='bbox 554 905 755 937; x_wconf 87' lang='lat' dir='ltr'>nostrum</span> <span class='ocrx_word' id='word_1_110' title='bbox 775 898 860 937; x_wconf 84' lang='lat' dir='ltr'>dici</span> <span class='ocrx_word' id='word_1_111' title='bbox 881 899 1040 939; x_wconf 78' lang='lat' dir='ltr'>voluit.</span> <span class='ocrx_word' id='word_1_112' title='bbox 1100 898 1212 939; x_wconf 80' lang='lat' dir='ltr'>Nam</span> <span class='ocrx_word' id='word_1_113' title='bbox 1233 904 1277 938; x_wconf 86' lang='lat' dir='ltr'>et</span> <span class='ocrx_word' id='word_1_114' title='bbox 1300 910 1349 937; x_wconf 86' lang='lat' dir='ltr'>se</span> 
     </span>
     <span class='ocr_line' id='line_1_16' title="bbox 37 953 1350 1008; baseline -0.002 -13"><span class='ocrx_word' id='word_1_115' title='bbox 37 958 181 1008; x_wconf 77' lang='lat' dir='ltr'>ipsum</span> <span class='ocrx_word' id='word_1_116' title='bbox 206 954 433 1006; x_wconf 82' lang='lat' dir='ltr'>significat</span> <span class='ocrx_word' id='word_1_117' title='bbox 451 953 670 993; x_wconf 85' lang='lat' dir='ltr'>Dominus</span> <span class='ocrx_word' id='word_1_118' title='bbox 698 954 821 993; x_wconf 88' lang='lat' dir='ltr'>lesus</span> <span class='ocrx_word' id='word_1_119' title='bbox 844 953 1049 995; x_wconf 86' lang='lat' dir='ltr'>Christus</span> <span class='ocrx_word' id='word_1_120' title='bbox 1079 955 1350 1007; x_wconf 85' lang='lat' dir='ltr'>opitulatum</span> 
     </span>
     <span class='ocr_line' id='line_1_17' title="bbox 39 1009 1349 1051; baseline -0.002 0"><span class='ocrx_word' id='word_1_121' title='bbox 39 1024 140 1051; x_wconf 88' lang='grc'><strong>6556</strong></span> <span class='ocrx_word' id='word_1_122' title='bbox 161 1010 377 1050; x_wconf 80' lang='lat' dir='ltr'>semivivo</span> <span class='ocrx_word' id='word_1_123' title='bbox 395 1010 559 1050; x_wconf 84' lang='lat' dir='ltr'>iacenti</span> <span class='ocrx_word' id='word_1_124' title='bbox 582 1010 625 1048; x_wconf 92' lang='lat' dir='ltr'>in</span> <span class='ocrx_word' id='word_1_125' title='bbox 644 1010 713 1049; x_wconf 77' lang='lat' dir='ltr'>via</span> <span class='ocrx_word' id='word_1_126' title='bbox 731 1009 913 1050; x_wconf 85' lang='lat' dir='ltr'>adflicto</span> <span class='ocrx_word' id='word_1_127' title='bbox 929 1016 974 1050; x_wconf 86' lang='lat' dir='ltr'>et</span> <span class='ocrx_word' id='word_1_128' title='bbox 993 1012 1154 1051; x_wconf 86' lang='lat' dir='ltr'>relicto</span> <span class='ocrx_word' id='word_1_129' title='bbox 1170 1024 1195 1049; x_wconf 89' lang='lat' dir='ltr'>a</span> <span class='ocrx_word' id='word_1_130' title='bbox 1212 1011 1349 1050; x_wconf 88' lang='lat' dir='ltr'>latro-</span> 
     </span>
     <span class='ocr_line' id='line_1_18' title="bbox 37 1064 1349 1120; baseline -0.002 -14"><span class='ocrx_word' id='word_1_131' title='bbox 37 1067 185 1106; x_wconf 89' lang='lat' dir='ltr'>nibus.</span> <span class='ocrx_word' id='word_1_132' title='bbox 248 1066 302 1104; x_wconf 81' lang='lat' dir='ltr'>Et</span> <span class='ocrx_word' id='word_1_133' title='bbox 326 1065 546 1119; x_wconf 82' lang='lat' dir='ltr'>propheta</span> <span class='ocrx_word' id='word_1_134' title='bbox 573 1066 617 1104; x_wconf 89' lang='lat' dir='ltr'>in</span> <span class='ocrx_word' id='word_1_135' title='bbox 647 1067 854 1106; x_wconf 86' lang='lat' dir='ltr'>oratione</span> <span class='ocrx_word' id='word_1_136' title='bbox 891 1067 1028 1117; x_wconf 66' lang='lat' dir='ltr'>ait1):</span> <span class='ocrx_word' id='word_1_137' title='bbox 1059 1066 1172 1107; x_wconf 66' lang='lat' dir='ltr'>sicat</span> <span class='ocrx_word' id='word_1_138' title='bbox 1196 1064 1349 1120; x_wconf 68' lang='lat' dir='ltr'>proxi-</span> 
     </span>
     <span class='ocr_line' id='line_1_19' title="bbox 35 1120 1350 1175; baseline -0.002 -13"><span class='ocrx_word' id='word_1_139' title='bbox 35 1136 171 1171; x_wconf 79' lang='grc' dir='ltr'>ηιιιηι,</span> <span class='ocrx_word' id='word_1_140' title='bbox 195 1120 516 1175; x_wconf 73' lang='lat' dir='ltr'>siczctsralrenz</span> <span class='ocrx_word' id='word_1_141' title='bbox 542 1127 758 1170; x_wconf 76' lang='lat' dir='ltr'>nostram,</span> <span class='ocrx_word' id='word_1_142' title='bbox 782 1121 846 1162; x_wconf 78' lang='lat' dir='ltr'>ita</span> <span class='ocrx_word' id='word_1_143' title='bbox 865 1122 1195 1175; x_wconf 78' lang='lat' dir='ltr'>complacebam.</span> <span class='ocrx_word' id='word_1_144' title='bbox 1259 1121 1350 1162; x_wconf 87' lang='lat' dir='ltr'>Sed</span> 
     </span>
     <span class='ocr_line' id='line_1_20' title="bbox 37 1177 1351 1232; baseline -0.001 -14"><span class='ocrx_word' id='word_1_145' title='bbox 37 1179 249 1232; x_wconf 90' lang='lat' dir='ltr'>quoniam</span> <span class='ocrx_word' id='word_1_146' title='bbox 275 1177 572 1217; x_wconf 79' lang='lat' dir='ltr'>excellentior</span> <span class='ocrx_word' id='word_1_147' title='bbox 602 1189 653 1217; x_wconf 83' lang='lat' dir='ltr'>ac</span> <span class='ocrx_word' id='word_1_148' title='bbox 676 1190 812 1230; x_wconf 84' lang='lat' dir='ltr'>supra</span> <span class='ocrx_word' id='word_1_149' title='bbox 837 1185 1036 1218; x_wconf 87' lang='lat' dir='ltr'>nostram</span> <span class='ocrx_word' id='word_1_150' title='bbox 1057 1185 1260 1218; x_wconf 79' lang='lat' dir='ltr'>naturam</span> <span class='ocrx_word' id='word_1_151' title='bbox 1281 1183 1351 1217; x_wconf 85' lang='lat' dir='ltr'>est</span> 
     </span>
     <span class='ocr_line' id='line_1_21' title="bbox 39 1233 1349 1287; baseline -0.001 -13"><span class='ocrx_word' id='word_1_152' title='bbox 39 1235 190 1275; x_wconf 74' lang='lat' dir='ltr'>divina</span> <span class='ocrx_word' id='word_1_153' title='bbox 216 1233 486 1280; x_wconf 67' lang='lat' dir='ltr'>substantia,</span> <span class='ocrx_word' id='word_1_154' title='bbox 518 1239 803 1286; x_wconf 82' lang='lat' dir='ltr'>praeceptum</span> <span class='ocrx_word' id='word_1_155' title='bbox 832 1247 918 1287; x_wconf 93' lang='lat' dir='ltr'>quo</span> <span class='ocrx_word' id='word_1_156' title='bbox 941 1234 1181 1287; x_wconf 80' lang='lat' dir='ltr'>diligamus</span> <span class='ocrx_word' id='word_1_157' title='bbox 1202 1234 1349 1273; x_wconf 88' lang='lat' dir='ltr'>Deum</span> 
     </span>
     <span class='ocr_line' id='line_1_22' title="bbox 39 1290 1329 1342; baseline -0.002 -13"><span class='ocrx_word' id='word_1_158' title='bbox 39 1305 65 1332; x_wconf 81' lang='lat' dir='ltr'>a</span> <span class='ocrx_word' id='word_1_159' title='bbox 83 1290 274 1342; x_wconf 78' lang='lat' dir='ltr'>proximi</span> <span class='ocrx_word' id='word_1_160' title='bbox 296 1290 541 1329; x_wconf 76' lang='lat' dir='ltr'>dilectione</span> <span class='ocrx_word' id='word_1_161' title='bbox 561 1290 823 1329; x_wconf 85' lang='lat' dir='ltr'>distinctum</span> <span class='ocrx_word' id='word_1_162' title='bbox 843 1296 926 1330; x_wconf 84' lang='lat' dir='ltr'>est.</span> <span class='ocrx_word' id='word_1_163' title='bbox 941 1291 982 1341; x_wconf 82' lang='lat'>2)</span> <span class='ocrx_word' id='word_1_164' title='bbox 1032 1291 1114 1330; x_wconf 84' lang='lat' dir='ltr'>llle</span> <span class='ocrx_word' id='word_1_165' title='bbox 1135 1291 1251 1329; x_wconf 86' lang='lat' dir='ltr'>enim</span> <span class='ocrx_word' id='word_1_166' title='bbox 1274 1303 1329 1328; x_wconf 90' lang='lat' dir='ltr'>no</span> 
     </span>
     <span class='ocr_line' id='line_1_23' title="bbox 34 1345 1347 1399; baseline -0.002 -13"><span class='ocrx_word' id='word_1_167' title='bbox 34 1348 104 1387; x_wconf 90' lang='lat' dir='ltr'>bis</span> <span class='ocrx_word' id='word_1_168' title='bbox 124 1346 310 1399; x_wconf 83' lang='lat' dir='ltr'>praebet</span> <span class='ocrx_word' id='word_1_169' title='bbox 336 1345 694 1384; x_wconf 79' lang='lat' dir='ltr'>misericordiam</span> <span class='ocrx_word' id='word_1_170' title='bbox 720 1352 903 1399; x_wconf 81' lang='lat' dir='ltr'>propter</span> <span class='ocrx_word' id='word_1_171' title='bbox 928 1359 1051 1385; x_wconf 88' lang='lat' dir='ltr'>suam</span> <span class='ocrx_word' id='word_1_172' title='bbox 1080 1347 1347 1394; x_wconf 78' lang='lat' dir='ltr'>bonitatem,</span> 
     </span>
     <span class='ocr_line' id='line_1_24' title="bbox 34 1401 1346 1454; baseline -0.002 -12"><span class='ocrx_word' id='word_1_173' title='bbox 34 1416 118 1442; x_wconf 87' lang='lat' dir='ltr'>nos</span> <span class='ocrx_word' id='word_1_174' title='bbox 139 1408 286 1441; x_wconf 84' lang='lat' dir='ltr'>autem</span> <span class='ocrx_word' id='word_1_175' title='bbox 313 1401 443 1440; x_wconf 89' lang='grc'><strong>1101115</strong></span> <span class='ocrx_word' id='word_1_176' title='bbox 471 1401 663 1440; x_wconf 73' lang='lat' dir='ltr'>invicem</span> <span class='ocrx_word' id='word_1_177' title='bbox 692 1409 875 1454; x_wconf 87' lang='lat' dir='ltr'>propter</span> <span class='ocrx_word' id='word_1_178' title='bbox 898 1403 1041 1451; x_wconf 86' lang='lat' dir='ltr'>illius3</span> <span class='ocrx_word' id='word_1_179' title='bbox 1075 1402 1121 1441; x_wconf 89' lang='lat' dir='ltr'>id</span> <span class='ocrx_word' id='word_1_180' title='bbox 1145 1407 1232 1450; x_wconf 87' lang='lat' dir='ltr'>est,</span> <span class='ocrx_word' id='word_1_181' title='bbox 1268 1401 1346 1441; x_wconf 86' lang='lat' dir='ltr'>ille</span> 
     </span>
     <span class='ocr_line' id='line_1_25' title="bbox 35 1456 1346 1508; baseline -0.002 -10"><span class='ocrx_word' id='word_1_182' title='bbox 35 1460 177 1498; x_wconf 80' lang='lat' dir='ltr'>nostri</span> <span class='ocrx_word' id='word_1_183' title='bbox 199 1459 452 1505; x_wconf 83' lang='lat' dir='ltr'>miseretur,</span> <span class='ocrx_word' id='word_1_184' title='bbox 476 1463 522 1496; x_wconf 87' lang='lat' dir='ltr'>ut</span> <span class='ocrx_word' id='word_1_185' title='bbox 541 1469 589 1495; x_wconf 89' lang='lat' dir='ltr'>se</span> <span class='ocrx_word' id='word_1_186' title='bbox 608 1456 904 1508; x_wconf 78' lang='lat' dir='ltr'>perfruamur,</span> <span class='ocrx_word' id='word_1_187' title='bbox 927 1471 1008 1498; x_wconf 90' lang='lat' dir='ltr'>nos</span> <span class='ocrx_word' id='word_1_188' title='bbox 1027 1470 1134 1497; x_wconf 73' lang='lat' dir='ltr'>vero</span> <span class='ocrx_word' id='word_1_189' title='bbox 1156 1458 1346 1496; x_wconf 80' lang='lat' dir='ltr'>invicem</span> 
     </span>
     <span class='ocr_line' id='line_1_26' title="bbox 35 1512 975 1565; baseline 0 -12"><span class='ocrx_word' id='word_1_190' title='bbox 35 1514 177 1554; x_wconf 85' lang='lat' dir='ltr'>nostri</span> <span class='ocrx_word' id='word_1_191' title='bbox 199 1516 479 1561; x_wconf 81' lang='lat' dir='ltr'>miseremur,</span> <span class='ocrx_word' id='word_1_192' title='bbox 513 1517 561 1551; x_wconf 87' lang='lat' dir='ltr'>ut</span> <span class='ocrx_word' id='word_1_193' title='bbox 578 1512 658 1551; x_wconf 92' lang='lat' dir='ltr'>illo</span> <span class='ocrx_word' id='word_1_194' title='bbox 679 1512 975 1565; x_wconf 83' lang='lat' dir='ltr'>perfruamur.</span> 
     </span>
    </p>

    <p class='ocr_par' dir='ltr' id='par_1_3' title="bbox 33 1567 1346 1958">
     <span class='ocr_line' id='line_1_27' title="bbox 92 1567 1346 1623; baseline 0 -15"><span class='ocrx_word' id='word_1_195' title='bbox 92 1570 138 1608; x_wconf 73' lang='lat' dir='ltr'>C.</span> <span class='ocrx_word' id='word_1_196' title='bbox 165 1569 326 1608; x_wconf 73' lang='lat' dir='ltr'>xxxi.</span> <span class='ocrx_word' id='word_1_197' title='bbox 390 1570 678 1620; x_wconf 72' lang='lat' dir='ltr'>Quapropter</span> <span class='ocrx_word' id='word_1_198' title='bbox 703 1567 848 1608; x_wconf 78' lang='lat' dir='ltr'>adhuc</span> <span class='ocrx_word' id='word_1_199' title='bbox 876 1570 1132 1623; x_wconf 81' lang='lat' dir='ltr'>ambiguum</span> <span class='ocrx_word' id='word_1_200' title='bbox 1158 1581 1258 1608; x_wconf 90' lang='lat' dir='ltr'>esse</span> <span class='ocrx_word' id='word_1_201' title='bbox 1285 1570 1346 1608; x_wconf 61' lang='lat' dir='ltr'>ri-</span> 
     </span>
     <span class='ocr_line' id='line_1_28' title="bbox 37 1625 1344 1678; baseline -0.001 -13"><span class='ocrx_word' id='word_1_202' title='bbox 37 1626 190 1674; x_wconf 83' lang='lat' dir='ltr'>detur,</span> <span class='ocrx_word' id='word_1_203' title='bbox 221 1638 352 1678; x_wconf 85' lang='lat' dir='ltr'>quum</span> <span class='ocrx_word' id='word_1_204' title='bbox 376 1625 564 1664; x_wconf 74' lang='lat' dir='ltr'>dicimus</span> <span class='ocrx_word' id='word_1_205' title='bbox 586 1636 638 1662; x_wconf 84' lang='lat' dir='ltr'>ea</span> <span class='ocrx_word' id='word_1_206' title='bbox 658 1637 703 1663; x_wconf 85' lang='lat' dir='ltr'>re</span> <span class='ocrx_word' id='word_1_207' title='bbox 725 1638 804 1663; x_wconf 89' lang='lat' dir='ltr'>nos</span> <span class='ocrx_word' id='word_1_208' title='bbox 824 1625 1017 1678; x_wconf 82' lang='lat' dir='ltr'>perfrui,</span> <span class='ocrx_word' id='word_1_209' title='bbox 1046 1638 1175 1678; x_wconf 88' lang='lat' dir='ltr'>quam</span> <span class='ocrx_word' id='word_1_210' title='bbox 1196 1626 1344 1677; x_wconf 68' lang='lat' dir='ltr'>diligi-</span> 
     </span>
     <span class='ocr_line' id='line_1_29' title="bbox 33 1680 1344 1734; baseline -0.001 -14"><span class='ocrx_word' id='word_1_211' title='bbox 33 1695 130 1721; x_wconf 87' lang='lat' dir='ltr'>mus</span> <span class='ocrx_word' id='word_1_212' title='bbox 150 1687 335 1734; x_wconf 84' lang='lat' dir='ltr'>propter</span> <span class='ocrx_word' id='word_1_213' title='bbox 354 1694 401 1719; x_wconf 85' lang='lat' dir='ltr'>se</span> <span class='ocrx_word' id='word_1_214' title='bbox 422 1681 585 1732; x_wconf 86' lang='lat' dir='ltr'>ipsam,</span> <span class='ocrx_word' id='word_1_215' title='bbox 621 1686 664 1718; x_wconf 86' lang='lat' dir='ltr'>et</span> <span class='ocrx_word' id='word_1_216' title='bbox 685 1693 737 1719; x_wconf 79' lang='lat' dir='ltr'>ea</span> <span class='ocrx_word' id='word_1_217' title='bbox 756 1693 801 1719; x_wconf 88' lang='lat' dir='ltr'>re</span> <span class='ocrx_word' id='word_1_218' title='bbox 824 1681 952 1721; x_wconf 87' lang='grc'><strong>1101115</strong></span> <span class='ocrx_word' id='word_1_219' title='bbox 978 1680 1216 1721; x_wconf 80' lang='lat' dir='ltr'>fruendum</span> <span class='ocrx_word' id='word_1_220' title='bbox 1243 1694 1344 1719; x_wconf 77' lang='lat' dir='ltr'>esse</span> 
     </span>
     <span class='ocr_line' id='line_1_30' title="bbox 34 1736 1343 1789; baseline -0.002 -12"><span class='ocrx_word' id='word_1_221' title='bbox 34 1744 226 1783; x_wconf 86' lang='lat' dir='ltr'>tantum,</span> <span class='ocrx_word' id='word_1_222' title='bbox 262 1750 348 1789; x_wconf 87' lang='lat' dir='ltr'>qua</span> <span class='ocrx_word' id='word_1_223' title='bbox 373 1736 589 1775; x_wconf 83' lang='lat' dir='ltr'>ellicimur</span> <span class='ocrx_word' id='word_1_224' title='bbox 611 1736 754 1785; x_wconf 88' lang='lat' dir='ltr'>beati,</span> <span class='ocrx_word' id='word_1_225' title='bbox 791 1738 954 1776; x_wconf 84' lang='lat' dir='ltr'>ceteris</span> <span class='ocrx_word' id='word_1_226' title='bbox 980 1750 1088 1776; x_wconf 68' lang='lat' dir='ltr'>vero</span> <span class='ocrx_word' id='word_1_227' title='bbox 1114 1738 1343 1776; x_wconf 80' lang='lat' dir='ltr'>utemlum.</span> 
     </span>
     <span class='ocr_line' id='line_1_31' title="bbox 34 1791 1345 1845; baseline -0.002 -12"><span class='ocrx_word' id='word_1_228' title='bbox 34 1793 199 1845; x_wconf 70' lang='lat' dir='ltr'>Diligit</span> <span class='ocrx_word' id='word_1_229' title='bbox 220 1794 335 1832; x_wconf 83' lang='lat' dir='ltr'>enim</span> <span class='ocrx_word' id='word_1_230' title='bbox 358 1806 438 1831; x_wconf 91' lang='lat' dir='ltr'>nos</span> <span class='ocrx_word' id='word_1_231' title='bbox 457 1791 602 1839; x_wconf 85' lang='lat' dir='ltr'>Deus,</span> <span class='ocrx_word' id='word_1_232' title='bbox 635 1799 679 1830; x_wconf 87' lang='lat' dir='ltr'>et</span> <span class='ocrx_word' id='word_1_233' title='bbox 696 1792 881 1832; x_wconf 85' lang='lat' dir='ltr'>multum</span> <span class='ocrx_word' id='word_1_234' title='bbox 902 1793 1031 1832; x_wconf 87' lang='lat' dir='ltr'>nobis</span> <span class='ocrx_word' id='word_1_235' title='bbox 1053 1793 1345 1832; x_wconf 71' lang='lat' dir='ltr'>dilectionem</span> 
     </span>
     <span class='ocr_line' id='line_1_32' title="bbox 35 1847 1343 1901; baseline -0.001 -13"><span class='ocrx_word' id='word_1_236' title='bbox 35 1851 131 1889; x_wconf 83' lang='lat' dir='ltr'>eius</span> <span class='ocrx_word' id='word_1_237' title='bbox 169 1862 277 1901; x_wconf 67' lang='lat' dir='ltr'>erga</span> <span class='ocrx_word' id='word_1_238' title='bbox 312 1862 392 1887; x_wconf 87' lang='lat' dir='ltr'>nos</span> <span class='ocrx_word' id='word_1_239' title='bbox 429 1847 580 1886; x_wconf 78' lang='lat' dir='ltr'>divina</span> <span class='ocrx_word' id='word_1_240' title='bbox 615 1849 838 1900; x_wconf 82' lang='lat' dir='ltr'>scriptura</span> <span class='ocrx_word' id='word_1_241' title='bbox 871 1850 1168 1888; x_wconf 77' lang='lat' dir='ltr'>commendat.</span> <span class='ocrx_word' id='word_1_242' title='bbox 1230 1850 1343 1896; x_wconf 61' lang='lat' dir='ltr'>Quo</span> 
     </span>
     <span class='ocr_line' id='line_1_33' title="bbox 34 1903 1345 1958; baseline -0.002 -12"><span class='ocrx_word' id='word_1_243' title='bbox 34 1906 169 1946; x_wconf 83' lang='lat' dir='ltr'>modo</span> <span class='ocrx_word' id='word_1_244' title='bbox 203 1917 312 1958; x_wconf 78' lang='lat' dir='ltr'>ergo</span> <span class='ocrx_word' id='word_1_245' title='bbox 335 1903 506 1955; x_wconf 72' lang='lat' dir='ltr'>diligite</span> <span class='ocrx_word' id='word_1_246' title='bbox 543 1903 599 1942; x_wconf 81' lang='lat' dir='ltr'>Ut</span> <span class='ocrx_word' id='word_1_247' title='bbox 625 1903 755 1943; x_wconf 91' lang='lat' dir='ltr'>nobis</span> <span class='ocrx_word' id='word_1_248' title='bbox 785 1911 952 1954; x_wconf 82' lang='lat' dir='ltr'>utatur,</span> <span class='ocrx_word' id='word_1_249' title='bbox 989 1918 1044 1944; x_wconf 87' lang='lat' dir='ltr'>an</span> <span class='ocrx_word' id='word_1_250' title='bbox 1073 1911 1120 1944; x_wconf 89' lang='lat' dir='ltr'>ut</span> <span class='ocrx_word' id='word_1_251' title='bbox 1146 1904 1345 1943; x_wconf 72' lang='lat' dir='ltr'>fruatur‘.l</span> 
     </span>
    </p>
   </div>
   <div class='ocr_carea' id='block_1_3' title="bbox 30 2052 1343 2240">
    <p class='ocr_par' dir='ltr' id='par_1_4' title="bbox 30 2052 1343 2240">
     <span class='ocr_line' id='line_1_34' title="bbox 88 2052 1339 2095; baseline 0.002 -7"><span class='ocrx_word' id='word_1_252' title='bbox 88 2058 117 2095; x_wconf 80' lang='lat'>1)</span> <span class='ocrx_word' id='word_1_253' title='bbox 142 2056 199 2086; x_wconf 76' lang='lat' dir='ltr'>l’s.</span> <span class='ocrx_word' id='word_1_254' title='bbox 219 2058 272 2091; x_wconf 70' lang='lat'>34,</span> <span class='ocrx_word' id='word_1_255' title='bbox 299 2057 347 2086; x_wconf 74' lang='lat'>14.</span> <span class='ocrx_word' id='word_1_256' title='bbox 367 2066 440 2085; x_wconf 73' lang='lat' dir='ltr'>ser.</span> <span class='ocrx_word' id='word_1_257' title='bbox 463 2052 585 2085; x_wconf 67' lang='lat' dir='ltr'>LXX.</span> <span class='ocrx_word' id='word_1_258' title='bbox 628 2054 664 2090; x_wconf 68' lang='lat'>2)</span> <span class='ocrx_word' id='word_1_259' title='bbox 685 2054 863 2091; x_wconf 69' lang='lat' dir='ltr'>„Addunt</span> <span class='ocrx_word' id='word_1_260' title='bbox 884 2054 940 2087; x_wconf 74' lang='lat' dir='ltr'>liic</span> <span class='ocrx_word' id='word_1_261' title='bbox 959 2056 1045 2088; x_wconf 72' lang='lat' dir='ltr'>Mss.</span> <span class='ocrx_word' id='word_1_262' title='bbox 1060 2056 1231 2088; x_wconf 68' lang='lat' dir='ltr'>Vaticani</span> <span class='ocrx_word' id='word_1_263' title='bbox 1253 2056 1339 2090; x_wconf 70' lang='lat' dir='ltr'>duo:</span> 
     </span>
     <span class='ocr_line' id='line_1_35' title="bbox 35 2101 1343 2144; baseline 0 -9"><span class='ocrx_word' id='word_1_264' title='bbox 35 2101 110 2135; x_wconf 75' lang='lat' dir='ltr'>Nos</span> <span class='ocrx_word' id='word_1_265' title='bbox 128 2113 209 2133; x_wconf 55' lang='lat' dir='ltr'>vcro</span> <span class='ocrx_word' id='word_1_266' title='bbox 229 2101 315 2144; x_wconf 74' lang='lat' dir='ltr'>quin</span> <span class='ocrx_word' id='word_1_267' title='bbox 333 2105 467 2132; x_wconf 76' lang='lat' dir='ltr'>nutura</span> <span class='ocrx_word' id='word_1_268' title='bbox 486 2102 652 2144; x_wconf 73' lang='lat' dir='ltr'>aequales</span> <span class='ocrx_word' id='word_1_269' title='bbox 669 2112 790 2133; x_wconf 77' lang='lat' dir='ltr'>snmus</span> <span class='ocrx_word' id='word_1_270' title='bbox 808 2106 840 2133; x_wconf 74' lang='lat' dir='ltr'>el</span> <span class='ocrx_word' id='word_1_271' title='bbox 860 2107 1002 2134; x_wconf 75' lang='lat' dir='ltr'>remota</span> <span class='ocrx_word' id='word_1_272' title='bbox 1028 2103 1080 2135; x_wconf 65' lang='lat' dir='ltr'>iar,</span> <span class='ocrx_word' id='word_1_273' title='bbox 1092 2102 1216 2135; x_wconf 67' lang='lat' dir='ltr'>(nulia,</span> <span class='ocrx_word' id='word_1_274' title='bbox 1245 2101 1343 2135; x_wconf 77' lang='lat' dir='ltr'>nihii</span> 
     </span>
     <span class='ocr_line' id='line_1_36' title="bbox 35 2146 1343 2193; baseline -0.001 -12"><span class='ocrx_word' id='word_1_275' title='bbox 35 2148 140 2181; x_wconf 76' lang='lat' dir='ltr'>alind</span> <span class='ocrx_word' id='word_1_276' title='bbox 155 2158 275 2180; x_wconf 69' lang='lat' dir='ltr'>munes</span> <span class='ocrx_word' id='word_1_277' title='bbox 294 2159 401 2191; x_wconf 72' lang='lat' dir='ltr'>quum</span> <span class='ocrx_word' id='word_1_278' title='bbox 422 2146 584 2179; x_wconf 71' lang='lat' dir='ltr'>homiues</span> <span class='ocrx_word' id='word_1_279' title='bbox 608 2158 753 2184; x_wconf 66' lang='lat' dir='ltr'>suman,</span> <span class='ocrx_word' id='word_1_280' title='bbox 782 2154 1030 2191; x_wconf 67' lang='lat' dir='ltr'>praeceptum</span> <span class='ocrx_word' id='word_1_281' title='bbox 1053 2159 1120 2193; x_wconf 75' lang='lat' dir='ltr'>qun</span> <span class='ocrx_word' id='word_1_282' title='bbox 1147 2148 1343 2191; x_wconf 75' lang='lat' dir='ltr'>dilignnms</span> 
     </span>
     <span class='ocr_line' id='line_1_37' title="bbox 30 2192 1197 2240; baseline -0.002 -12"><span class='ocrx_word' id='word_1_283' title='bbox 30 2195 250 2240; x_wconf 62' lang='lat' dir='ltr'>proxinmm</span> <span class='ocrx_word' id='word_1_284' title='bbox 268 2205 290 2225; x_wconf 81' lang='grc' dir='ltr'>(ι</span> <span class='ocrx_word' id='word_1_285' title='bbox 307 2198 435 2227; x_wconf 70' lang='lat' dir='ltr'>nostra</span> <span class='ocrx_word' id='word_1_286' title='bbox 456 2194 656 2228; x_wconf 73' lang='lat' dir='ltr'>dilectione</span> <span class='ocrx_word' id='word_1_287' title='bbox 676 2192 887 2228; x_wconf 73' lang='lat' dir='ltr'>distinctum</span> <span class='ocrx_word' id='word_1_288' title='bbox 905 2205 977 2226; x_wconf 75' lang='lat' dir='ltr'>non</span> <span class='ocrx_word' id='word_1_289' title='bbox 995 2200 1084 2229; x_wconf 76' lang='lat' dir='ltr'>est.“</span> <span class='ocrx_word' id='word_1_290' title='bbox 1111 2196 1197 2230; x_wconf 86' lang='lat' dir='ltr'>Ben.</span> 
     </span>
    </p>
   </div>
  </div>
 </body>
</html>
