1503 2465
245 94 324 134 DE
356 93 659 134 DOCTRINA
693 92 924 133 efflue-3¹1¹.
987 91 1098 131 Lm.
1133 92 1164 131 1.
1342 92 1363 130 7

55 179 286 219 utentibus
327 191 380 218 eo
421 178 541 231 quod
578 183 869 229 aceeperunt3
920 175 1187 228 adimplebit
1234 180 1368 227 atque

61 234 304 275 cumulabit
329 235 451 286 quod
482 234 621 273 dedit.
682 234 753 272 llli
789 235 985 286 quinque
1021 238 1065 270 et
1094 231 1160 269 illi
1197 237 1370 282 septem

62 297 188 329 erant
228 303 387 344 panes,
434 296 673 342 antequam
714 289 967 340 inciperent
1001 287 1095 326 dari
1133 286 1371 325 esurienti-

59 345 210 396 bus1).
272 345 405 394 Quod
429 345 505 384 ubi
530 345 627 384 fieri
656 345 829 397 coepit,
865 342 1085 395 cophinos
1121 347 1165 381 et
1191 347 1370 394 sportas

61 402 236 441 satiatis
263 407 333 441 tot
357 400 585 440 hominum
619 400 817 440 millibus
852 399 1166 451 impleverunt.
1245 396 1373 437 Sicut

62 469 170 510 ergo
191 457 271 496 ille
292 459 417 510 panis
438 456 540 496 dum
560 455 849 509 frangeretur
870 455 1086 503 adcrevit,
1100 454 1166 493 sic
1186 465 1239 492 ea
1258 465 1372 504 quae

61 514 115 552 ad
138 512 222 552 hoc
257 525 368 565 opus
393 512 748 564 adgrediendum
775 514 865 552 iam
892 510 1113 550 Dominus
1147 508 1373 561 praebuit,

62 581 194 621 quum
216 568 469 620 dispensari
487 568 740 620 coeperint,
777 580 830 607 eo
850 567 949 619 ipso
971 570 1246 619 suggerente
1266 564 1375 603 mul-

60 624 402 677 tiplicabuntur,
437 628 487 663 ut
508 625 553 663 in
574 625 672 677 ipso
699 622 784 663 hoc
814 628 970 662 nostro
999 622 1253 661 ministerio
1286 633 1377 659 non

61 680 206 719 solum
242 679 409 718 nullam
443 680 668 731 patiamur
702 679 922 732 inopiam,
964 677 1046 718 sed
1085 677 1140 716 de
1180 675 1376 717 mirabili

62 736 197 787 etiam
217 735 493 781 ‚abundantia
511 736 802 788 gaudeamus.

117 791 164 831 C.
184 790 236 830 ΙΙ.
301 790 455 831 Omnis
477 791 683 830 doctrina
701 792 773 831 vel
791 803 846 830 re
862 803 969 830 rum
991 795 1073 838 est,
1096 788 1169 828 vel
1194 789 1376 841 signo-

59 859 187 898 rum3
223 845 304 886 sed
330 859 403 886 res
427 859 507 898 per
532 847 664 900 signa
690 846 938 886 discuntur.
1002 845 1193 898 Proprie
1228 850 1379 883 autem

60 916 177 942 nune
200 914 272 941 res
298 902 541 954 adpellari,
581 914 694 954 quae
720 915 810 942 non
838 902 894 941 ad
920 900 1266 955 significandum
1301 899 1379 939 ali-

62 959 169 1011 quid
183 957 467 1007 adhibentur,
486 959 620 998 sicuti
640 963 709 998 est
727 959 913 1011 lignum,
932 958 1060 1010 lapis,
1074 969 1229 1009 pecus,
1245 960 1379 1009 atque

63 1012 318 1054 huiusmodi
348 1019 513 1053 cetera.
583 1013 673 1054 Sed
701 1028 788 1053 non
817 1014 929 1054 illud
952 1014 1148 1066 lignum,
1186 1011 1306 1065 quod
1336 1011 1382 1050 in

63 1082 202 1123 aquas
228 1082 401 1109 amaras
420 1069 615 1123 Moysen
640 1070 821 1109 misisse
848 1070 1063 1123 legimus,
1097 1073 1147 1108 ut
1172 1067 1383 1106 amaritu-

64 1126 167 1165 dine
189 1130 399 1166 carerent
416 1127 478 1176 2);
498 1137 644 1179 neque
664 1125 742 1165 ille
763 1126 894 1178 lapis,
917 1137 1048 1178 quem
1067 1123 1201 1164 Iacob
1221 1123 1307 1163 sibi
1327 1122 1386 1162 ad

65 1187 200 1234 caput
220 1185 434 1233 posuerat
450 1180 513 1231 ³);
549 1194 694 1235 neque
715 1181 829 1221 illud
847 1194 1009 1234 pecus,
1044 1180 1161 1233 quod
1185 1192 1264 1232 pro
1289 1179 1382 1218 filio

63 1237 315 1276 immolavit
345 1235 638 1286 Ab1·aha1n.4)
698 1237 798 1276 Hae
834 1249 1024 1289 namque
1060 1238 1124 1275 ita
1156 1248 1228 1275 res
1265 1240 1382 1283 sunt,

65 1299 113 1332 ut
138 1294 328 1332 aliarum
347 1293 481 1332 etiam
505 1293 635 1345 signa.
658 1294 748 1333 sint
766 1305 929 1332 rerum.
993 1292 1106 1333 Sunt
1126 1297 1275 1330 autem
1295 1291 1387 1329 alia

67 1349 213 1401 signa,
251 1361 440 1401 quorum
461 1350 607 1388 omnis
628 1362 734 1388 usus
754 1349 798 1387 in
819 1348 1120 1402 significando
1142 1352 1225 1397 est,
1251 1346 1388 1386 sicuti

67 1410 171 1444 sunt
205 1404 356 1443 verba.
416 1405 556 1445 Nemo
593 1405 710 1444 enim
745 1405 890 1444 utitur
920 1403 1069 1444 verbis
1103 1403 1190 1443 nisi
1215 1401 1388 1455 aliquid

67 1460 352 1512 significandi
374 1460 535 1513 gratia.
596 1460 664 1499 Ex
683 1473 769 1512 quo
789 1460 1082 1513 intelligitur,
1109 1458 1215 1512 quid
1235 1457 1387 1510 adpel-

67 1514 156 1555 lem
177 1518 327 1567 signa3
363 1528 436 1555 res
457 1528 533 1555 eas
557 1516 788 1565 videlicet,
815 1527 929 1568 quae
958 1515 1014 1554 ad
1041 1514 1389 1568 significandum

70 1571 242 1623 aliquid
281 1570 568 1611 adhibentur.
638 1571 780 1619 Quam
816 1572 872 1611 ob
905 1583 1000 1611 rem
1037 1582 1167 1610 omne
1210 1570 1387 1623 signum

70 1627 205 1666 etiam
226 1640 298 1667 res
318 1628 469 1680 aliqua
488 1632 570 1666 est.
607 1626 739 1675 Quod
756 1627 872 1666 enim
886 1627 1009 1667 nulla
1022 1638 1096 1666 res
1110 1633 1192 1675 est,
1205 1627 1387 1665 omnino

70 1681 179 1722 nihil
206 1688 287 1722 est.
350 1682 451 1723 Non
477 1688 626 1722 autem
656 1683 800 1722 omnis
824 1695 897 1722 res
924 1683 1059 1722 etiam
1092 1682 1269 1735 signum
1303 1685 1385 1720 est.

69 1738 128 1777 Et
145 1738 248 1778 ideo
269 1741 315 1779 in
334 1737 416 1778 hac
436 1739 659 1778 divisione
676 1751 824 1778 rerum
841 1743 975 1791 atque
990 1738 1238 1790 signorum,
1256 1749 1391 1790 quum

73 1794 127 1833 (le
149 1794 282 1833 rebus
302 1794 553 1846 loquemur,
575 1796 638 1833 ita
656 1794 905 1846 loquemur,
930 1798 993 1843 ut,
1023 1795 1159 1833 etiam
1179 1795 1217 1832 si
1238 1805 1392 1832 earum

72 1850 250 1903 aliquae
272 1849 477 1889 adbiberi
496 1850 551 1889 ad
570 1850 916 1902 significandum
936 1851 1126 1903 possint,
1147 1862 1236 1889 non
1255 1849 1391 1900 impe-

75 1906 198 1945 diant
232 1906 542 1958 partitionem,
579 1918 666 1957 qua
701 1907 826 1958 prius
861 1906 915 1945 de
954 1905 1113 1954 rebus,
1147 1910 1311 1957 postea
1337 1904 1392 1943 de

77 1961 218 2014 signis
244 1961 539 2011 disseremu33
565 1962 916 2015 memoriterque
935 1965 1184 2010 teneamus,
1210 1959 1257 1999 id
1278 1971 1393 2004 nune

131 2144 163 2186 Ι)
191 2144 324 2177 Maur..
348 2147 406 2182 14,
428 2146 478 2177 l‘l.
499 2154 547 2177 ss.
581 2145 640 2183 15,
660 2146 714 2177 34.
735 2154 782 2176 ss.
833 2143 870 2188 2)
896 2142 1020 2176 Exod.
1048 2144 1108 2182 15,
1133 2144 1186 2175 25.
1236 2140 1274 2183 3)
1304 2139 1396 2174 Gen.

81 2194 138 2232 28,
162 2194 216 2225 11.
267 2194 304 2235 4)
327 2190 418 2226 Gen.
440 2196 494 2230 22,
516 2194 567 2225 13.
