1503 2465
93 129 172 168 100
446 124 681 165 AURELH
712 123 1030 165 AUGUSTIM

91 211 350 264 intelligere
370 210 590 257 volumus,
612 215 657 248 et
675 209 816 260 ipsam
837 210 1102 248 sententiam
1123 207 1313 248 forsitan
1331 208 1394 247 vi-

94 268 173 315 dit,
194 273 238 306 et
257 272 377 305 certe
399 265 481 304 Dei
506 265 690 316 spiritus
705 295 714 313 ,
740 265 813 316 qui
834 276 912 316 per
931 276 1029 303 eum
1051 262 1161 303 haec
1184 272 1396 316 operatus

95 332 177 369 est,
199 322 331 361 etiam
351 322 492 373 ipsam
512 332 800 359 occursuram
818 319 977 359 lectori
999 319 1070 358 vel
1089 319 1284 359 auditori
1301 321 1396 359 sine

99 378 381 417 dubitatione
405 375 648 428 praevidit,
683 375 818 414 immo
846 382 894 414 ut
913 381 1193 423 occurreret,
1228 375 1331 427 quia
1358 380 1403 414 et

97 435 197 487 ipsa
223 440 291 472 est
309 434 497 471 veritate
518 431 726 478 subnixa,
754 431 961 483 providit.
1021 430 1133 470 Nam
1152 431 1257 482 quid
1275 430 1319 469 in
1339 430 1402 468 di-

98 489 214 528 vinis
235 488 426 540 eloquiis
446 488 616 539 largius
636 492 679 526 et
698 486 877 525 uberius
897 486 1044 538 potuit
1065 486 1278 525 divinitus
1303 498 1403 538 pro-

99 545 265 590 videri,
294 556 424 596 quam
451 549 496 582 ut
523 542 678 580 eadem
700 541 837 580 rerba
860 541 1062 594 pluribus
1091 541 1404 593 intelligantur

99 600 268 648 modis,
305 612 417 651 quos
442 599 532 637 alia
557 610 645 637 uon
670 598 814 637 minus
841 598 991 637 divina
1014 599 1317 636 contestantia
1341 595 1403 634 fa-

101 659 221 695 ciant
244 654 507 706 adprobari!
1370 701 1374 702 ⁷

159 712 204 750 C.
226 709 428 749 xxviii.
490 710 571 749 Ubi
594 713 740 748 autem
758 708 863 747 talis
883 720 1040 747 sensus
1061 709 1251 756 eruitur,
1280 707 1404 746 cuius

101 769 321 806 incertum
351 766 486 805 certis
513 771 765 805 sanctarum
794 765 1114 816 scripturarum
1132 763 1405 802 testimoniis

100 836 192 862 non
212 822 357 875 possit
377 821 560 873 aperiri,
598 825 737 860 restat
755 825 803 859 ut
820 820 996 858 ratione
1022 819 1198 858 reddita
1222 817 1406 858 manife-

103 885 199 919 stus
219 878 456 930 adpareat,
493 878 624 916 etiam
644 876 683 915 si
707 875 805 923 ille,
841 875 966 914 cuius
991 874 1128 913 verba
1151 874 1406 926 intelligere

104 934 376 987 quaerimus,
397 945 496 971 eum
515 931 633 971 forte
653 943 741 970 non
760 931 915 970 sensit.
979 929 1067 970 Sed
1088 928 1197 969 haec
1220 941 1407 968 consue-

104 989 215 1029 tudo
249 988 508 1041 perioulosa
539 992 621 1027 est.
682 986 771 1026 Per
804 987 1048 1039 scripturas
1085 985 1200 1024 enim
1235 985 1406 1024 divinas

104 1045 247 1085 multo
268 1044 407 1083 tutius
429 1042 703 1092 ambulatum
738 1054 846 1094 quas
873 1042 1021 1080 verbis
1048 1041 1280 1080 translatis
1307 1052 1409 1092 opa-

108 1108 232 1139 catas
264 1113 395 1152 quum
431 1099 621 1138 scrutari
653 1098 878 1145 volumus,
914 1103 989 1136 aut
1024 1095 1107 1135 hoc
1131 1096 1233 1135 inde
1264 1103 1409 1142 exeat,

109 1155 229 1209 quod
250 1169 335 1195 non
361 1154 523 1193 habeat
541 1154 911 1201 controversiam,
938 1159 1013 1192 aut
1031 1154 1069 1191 si
1089 1151 1236 1199 habet,
1266 1163 1320 1189 ex
1341 1163 1411 1188 ea-

108 1213 207 1251 dem
245 1212 468 1262 scriptura
501 1210 769 1262 ubicumque
804 1209 996 1247 inventis
1034 1213 1168 1261 atque
1200 1205 1413 1246 adhibitis

107 1267 301 1307 testibus
322 1266 600 1305 terminetur.

165 1323 210 1362 C.
232 1322 396 1361 XXlX.
458 1321 612 1361 Sciant
637 1327 785 1360 autem
812 1320 1002 1367 literati,
1036 1318 1181 1357 modis
1209 1317 1413 1357 omnibus

105 1378 375 1425 locutionis,
403 1390 514 1430 quos
533 1377 811 1430 grammatici
835 1375 1009 1414 Graeco
1030 1375 1208 1413 nomine
1233 1379 1412 1425 tropos

103 1439 283 1482 vocant,
311 1441 521 1473 auctores
540 1438 721 1472 nostros
740 1444 846 1471 usos
866 1430 1029 1478 fuisse,
1058 1435 1103 1469 et
1120 1428 1412 1480 multiplicius

107 1496 241 1542 atque
271 1489 500 1540 copiosius
517 1519 526 1536 ,
563 1500 693 1541 quam
718 1492 906 1540 possunt
933 1486 1192 1525 existimare
1216 1484 1289 1523 vel
1319 1494 1412 1522 cre-

107 1546 237 1593 dere,
275 1546 349 1597 qui
380 1546 585 1584 nesciunt
619 1556 697 1582 eos
733 1549 777 1582 et
806 1544 849 1582 in
885 1543 986 1581 aliis
1020 1541 1109 1579 ista
1141 1539 1409 1579 didicerunt.

108 1603 233 1648 Quos
255 1606 405 1640 tamen
430 1605 587 1651 tropos
610 1600 682 1651 qui
716 1604 949 1645 noverunt,
980 1601 1233 1649 agnoscunt
1249 1597 1294 1634 in
1312 1594 1411 1632 lite-

103 1659 167 1697 ris
192 1657 380 1704 sanetis,
417 1667 660 1708 eorumque
687 1655 878 1694 scientia
902 1652 958 1692 ad
984 1665 1058 1692 eas
1090 1649 1410 1703 intelligendas

106 1713 384 1764 aliquantum
405 1711 684 1751 adiuvantur.
746 1709 835 1749 Sed
856 1708 925 1748 hic
945 1721 1023 1747 eos
1042 1707 1213 1760 ignaris
1232 1706 1411 1745 tradere

106 1782 195 1807 non
219 1767 364 1816 decet,
393 1778 447 1806 ne
469 1773 610 1806 artem
628 1766 963 1819 grammaticam
984 1765 1147 1803 docere
1169 1762 1410 1800 videamur.

107 1824 249 1863 Extra
267 1834 372 1862 sane
390 1828 439 1861 ut
457 1822 686 1861 discantur
704 1822 939 1866 admoneo,
961 1818 1160 1871 quamvis
1179 1819 1265 1857 iam
1285 1828 1413 1868 supe-

109 1881 203 1919 rius
223 1879 270 1918 id
288 1878 616 1925 admonuerim,
644 1878 690 1916 id
712 1882 801 1925 est,
827 1875 870 1914 in
890 1876 1088 1914 secundo
1109 1874 1240 1920 libro,
1266 1872 1339 1911 ubi
1359 1871 1413 1910 de

109 1935 365 1987 linguarum
396 1933 655 1972 necessaria
689 1931 949 1984 cognitione
980 1929 1242 1978 disserui.1)
1303 1926 1417 1966 Nam

113 1990 332 2035 literae,
367 2001 393 2027 a
418 1988 578 2040 quibus
606 1989 704 2040 ipsa
729 1987 1020 2039 grammatica
1048 1995 1210 2023 nomen
1243 1981 1418 2034 accepit

117 2044 369 2099 (γράμματα
387 2044 503 2083 enim
524 2043 684 2083 Graeci
704 2043 858 2082 literas
878 2043 1058 2090 vocant)
1074 2070 1084 2088 ,
1114 2039 1243 2091 signa
1261 2038 1415 2089 utique

117 2107 220 2140 sunt
254 2112 468 2140 sonorum
501 2100 557 2139 ad
592 2099 873 2138 articulatam
900 2108 1055 2135 rocem
1083 2107 1169 2147 qua
1195 2094 1419 2146 loquimur

168 2223 199 2263 1)
220 2221 264 2252 V.
285 2218 378 2252 l.11.
397 2230 424 2252 c.
448 2223 497 2252 11.
519 2230 563 2251 ss.
