1503 2465
129 139 184 177 78
490 134 730 176 AURELII
760 133 1079 174 AUGUS'HM

131 221 267 262 animi
287 226 375 269 est,
400 226 449 260 ut
465 231 546 273 per
563 231 646 258 nos
664 217 824 257 instrui
844 217 1012 266 valeat,
1043 218 1157 258 sciat
1175 217 1440 270 ambiguita-

130 286 223 318 tem
255 277 505 328 scripturae
540 280 618 314 aut
649 275 695 313 in
729 273 877 312 verbis
908 274 1102 326 propriis
1137 286 1258 322 esse,
1293 275 1440 313 autin

130 332 385 374 translatis:
419 343 532 385 quae
551 341 721 384 genera
738 330 783 368 in
801 329 1000 369 secundo
1023 329 1138 369 libro
1159 329 1437 369 demonstra-

130 390 289 430 w‘mus.
307 390 344 438 ¹)

188 444 235 484 C.
255 443 308 484 11.
369 442 459 485 Sed
477 454 611 496 quum
630 440 770 480 verba
786 440 971 493 propria
988 438 1161 480 faciunt
1186 440 1439 493 ambiguam

131 501 422 552 scripturam,
451 500 593 550 primo
619 495 861 536 videndum
891 502 982 543 est,
1009 508 1064 535 ne
1087 496 1203 535 male
1226 496 1439 535 distinxe-

130 556 293 604 rimus,
321 561 397 595 aut
421 552 871 608 pronuntiaverimus.
934 551 1079 599 Quum
1104 564 1214 604 ergo
1240 550 1443 591 adhibita

130 612 323 651 intentio
348 612 571 651 incertum
595 620 695 648 esse
721 608 989 659 perviderit,
1017 620 1104 659 quo
1130 607 1264 647 modo
1287 607 1441 647 distin-

132 667 359 721 guendum
380 672 456 705 aut
475 678 562 719 quo
580 664 716 704 modo
739 664 1116 715 pronuntiandum
1135 664 1209 712 sit,
1237 662 1444 702 consulat

131 723 335 777 regulam
355 722 457 761 fidei
471 752 480 769 ,
515 733 646 774 quam
664 719 718 758 de
738 719 1062 771 scripturarum
1080 718 1360 772 planioribus
1377 719 1442 759 lo-

132 780 197 818 cis
236 784 281 818 et
314 778 537 818 ecclesiae
572 777 846 815 auctoritate
877 776 1096 827 percepit,
1133 775 1188 815 de
1213 786 1301 827 qua
1330 774 1443 814 satis

132 835 330 888 egimus,
362 847 495 886 quum
526 831 581 872 de
605 832 740 871 rebus
765 831 810 870 in
834 831 976 883 primo
1002 831 1119 870 libro
1139 831 1442 883 loqueremur.

133 890 267 939 Quod
294 890 332 930 si
367 891 523 929 ambae
556 888 629 927 vel
658 887 792 926 etiam
821 898 996 936 omnes,
1032 886 1068 925 si
1095 886 1247 939 plures
1274 885 1444 926 fuerint

133 951 305 999 partes,
345 944 687 997 ambiguitatem
727 942 975 981 secundum
1016 942 1148 981 fidem
1190 942 1440 989 sonuerint,

131 1007 283 1045 textus
302 1002 399 1054 ipse
420 1000 640 1040 sermonis
662 1011 687 1037 a
704 998 1082 1050 praecedentibus
1103 1004 1147 1038 et
1166 1009 1441 1051 consequen-

131 1058 253 1098 tibus
285 1056 514 1110 partibus,
549 1067 662 1108 quae
697 1053 1041 1106 ambiguitatem
1072 1053 1195 1093 illam
1216 1054 1261 1093 in
1291 1052 1440 1093 medio

131 1118 396 1168 posuerunt,
421 1116 562 1151 restat
580 1109 899 1157 consulendus,
925 1114 973 1148 ut
990 1110 1235 1157 videamus,
1266 1109 1442 1148 cuinam

133 1171 387 1210 sententiae
415 1168 469 1207 de
497 1167 699 1219 pluribus
724 1178 837 1217 quae
864 1177 912 1204 se
939 1165 1182 1205 ostendunt
1207 1164 1326 1204 ferat
1351 1162 1441 1204 suf-

131 1226 347 1278 fragium,
382 1235 569 1275 eamquc
597 1222 684 1261 sibi
718 1221 899 1260 contexi
935 1222 1143 1274 patiatur.
1202 1220 1294 1260 lam
1326 1232 1442 1260 nunc

133 1282 340 1333 exempla
374 1279 628 1320 considera.
700 1277 783 1316 llla
823 1276 1052 1316 haeretica
1085 1276 1337 1316 distinctio:
1388 1273 1442 1316 In

124 1337 347 1391 principio
368 1342 463 1376 erat
482 1333 722 1382 verbam‘ss),
735 1340 776 1372 ez*
796 1332 967 1372 verbum
985 1339 1081 1372 erat
1098 1332 1214 1385 apud
1226 1330 1381 1379 Deum,
1401 1337 1442 1370 et

132 1392 252 1433 Deus
271 1399 379 1439 erat,
392 1398 438 1431 ut
457 1391 571 1430 alius
591 1402 750 1429 sensus
771 1389 841 1437 sit,
863 1388 1035 1428 verbum
1054 1387 1134 1428 hoc
1153 1395 1249 1428 erat
1263 1386 1308 1427 in
1318 1385 1440 1440 prin-

134 1448 244 1502 cipio
265 1449 381 1502 apud
397 1446 551 1493 Deum,
575 1458 661 1484 non
683 1444 775 1483 vult
796 1444 976 1483 verbum
1000 1444 1144 1484 Deum
1164 1443 1439 1492 confite1·i.⁸)

135 1505 225 1546 Sed
251 1505 336 1545 hoc
361 1502 519 1556 regula
544 1501 649 1540 fidei
672 1500 970 1540 refellendum
996 1505 1084 1549 est,
1119 1512 1206 1552 qua
1229 1499 1359 1538 nobis
1386 1497 1440 1537 de

134 1561 351 1601 trinitatis
381 1557 656 1611 aequalitate
687 1556 1024 1609 praescribitur,
1059 1560 1107 1595 ut
1137 1556 1360 1595 dicamus:
1400 1560 1440 1593 et

135 1616 254 1656 Deus
272 1622 367 1656 erat
386 1613 585 1661 verbnm;
618 1612 780 1652 deinde
801 1611 1140 1663 subiungamus:
1173 1610 1254 1650 hoc
1280 1608 1439 1650 eratin

128 1672 347 1727 principio
362 1667 641 1724 apudDezcm.
676 1667 759 1706 llla
777 1680 882 1706 vero
898 1667 1203 1706 distinctionis
1223 1665 1439 1718 ambigui·

134 1735 203 1768 tas
220 1735 379 1768 neutra
394 1730 518 1780 parte
532 1724 834 1771 resistitfidei,
848 1722 1008 1762 etideo
1022 1728 1148 1762 textu
1160 1723 1258 1774 ipso
1272 1734 1439 1761 sermo—

134 1786 203 1824 nis
223 1781 512 1823 (liiudicanda
531 1785 614 1828 est,
647 1780 716 1818 ubi
741 1781 804 1818 ait
823 1778 1056 1831 apostolus
1070 1778 1132 1827 Ὃς
1167 1778 1232 1817 Et
1252 1777 1354 1830 qnid
1370 1775 1438 1815 eli-

128 1853 235 1893 gam
253 1839 411 1893 ignoro
425 1851 442 1884 ,·
470 1835 697 1887 compellor
715 1842 855 1874 atatem
875 1847 925 1873 ea:
943 1834 1125 1873 duobus.-
1144 1833 1440 1886 concupiscen-

133 1895 240 1935 tiam
258 1895 415 1934 habens
435 1890 623 1938 dissolvi,
658 1897 700 1929 et
715 1903 800 1929 esse
820 1903 913 1929 cnm
934 1888 1140 1937 Cleristo;
1171 1891 1303 1929 multo
1329 1886 1440 1927 enim

132 1951 272 2004 magis
292 1949 526 2002 ominatum
552 1959 724 1986 manere
741 1944 786 1985 in
806 1958 935 1984 carne
957 1944 1242 1984 necessariam
1257 1948 1441 1997 propter

131 2019 220 2046 vos.
247 2007 470 2045 Incertum
483 2003 599 2042 enim
617 2007 701 2049 est,
715 2006 881 2040 utrum:
902 2013 952 2040 ex
967 2000 1128 2040 duobus
1141 1999 1438 2052 concupiscen-

132 2061 240 2102 tiam
258 2061 417 2101 habens
431 2090 440 2108 ,
467 2072 542 2098 an:
576 2058 806 2109 compellor
823 2063 966 2096 autem
986 2069 1037 2096 ex
1054 2055 1237 2104 duobus,
1259 2061 1308 2095 ut
1325 2052 1439 2093 illud

183 2188 214 2227 1)
239 2185 311 2218 Vini
350 2184 396 2221 11,
415 2188 466 2217 li).
515 2184 553 2220 2‘)
578 2183 658 2216 Ioh.
680 2187 706 2222 1,
739 2187 765 2216 1.
787 2194 814 2215 s.
865 2183 902 2225 3)
923 2182 986 2216 Sic
1003 2183 1239 2227 interpunxit
1262 2181 1439 2213 Photinus

130 2235 227 2265 teste
246 2232 438 2264 Ambrosio
457 2235 494 2265 et
512 2230 668 2264 Hilario.
716 2231 755 2273 4)
774 2228 870 2262 Phil.
892 2232 920 2270 1,
941 2233 995 2264 22.
1013 2241 1060 2263 ss.
