1503 2465
219 128 300 169 DE
330 123 634 167 DOCTRINA
663 121 893 164 CHRIST.
953 120 1067 161 LIB.
1098 118 1172 160 III.
1274 119 1351 158 lll

51 214 264 254 nuatione
286 215 542 258 narrentur,
582 220 714 262 quum
735 207 791 246 ad
809 207 982 258 priora,
1022 216 1135 257 quae
1155 207 1352 257 praeter-

50 271 188 310 missa
219 268 416 316 fuerant,
450 266 644 304 latenter
675 262 872 302 narratio
906 266 1157 300 revocetur.
1221 257 1353 307 Quod

52 325 135 365 nisi
157 336 212 364 ex
230 322 311 362 hae
330 321 487 374 regula
506 318 799 371 intelligatur,
816 322 1004 356 erratur.
1066 315 1191 356 Sicut
1207 314 1250 353 in
1267 313 1353 353 Ge·

50 382 149 420 nesi
166 383 173 405 ¹
188 385 220 428 ):
241 375 545 430 Etplantavil‘,
566 375 724 427 inquit,
745 371 956 411 Dominus
969 370 1086 410 Deus
1097 368 1354 424 paradisum

49 435 94 476 in
112 435 237 475 Eden
255 433 313 473 ad
330 432 552 478 orientem,
572 428 772 483 etposait
788 427 850 467 ibi
866 427 1092 475 bominem,
1121 424 1352 479 qnemfor·

49 490 210 539 mavit;
238 496 280 529 et
299 486 508 542 produxit
525 484 643 525 Dens
667 484 807 524 adliac
830 484 878 522 de
902 489 1022 522 terra
1049 495 1169 521 omne
1188 480 1352 534 lignum

48 546 298 600 speciosam,
319 551 359 584 et
378 542 531 582 bonam
547 540 591 580 in
609 553 761 589 eseam,
780 541 844 579 ita
855 537 1224 583 videturdictum,
1244 541 1351 575 tam-

50 615 182 655 quam
199 600 245 640 id
263 599 429 639 factum
449 598 529 646 sit,
557 601 851 649 posteaquam
877 593 1046 633 factum
1064 594 1213 645 posuit
1228 592 1351 631 Deus

49 657 277 709 hominem
294 656 337 694 in
363 653 593 707 paradiso,
629 665 762 704 quum
783 650 983 689 breviter
1019 655 1207 701 utroque
1235 659 1353 687 eom-

49 717 314 760 memorato,
334 711 379 750 id
399 714 482 758 est,
502 708 621 762 quod
639 706 856 759 plantavit
873 705 997 744 Deus
1016 704 1285 758 paradisum,
1311 707 1357 742 et

50 770 203 822 posuit
225 767 289 807 ibi
312 765 558 813 homiuem,
594 775 722 816 quem
748 761 983 810 formavit,
1014 757 1353 813 recapitulando

53 825 233 872 redeat,
254 828 298 862 et
318 822 438 861 dieat
457 819 575 873 quod
596 818 983 872 praetermiserat,
1012 828 1098 869 quo
1118 815 1252 855 modo
1272 815 1354 853 sci-

52 881 162 920 lieet
181 878 417 933 paradisus
442 875 579 915 fuerit
602 875 850 926 plantatus,
876 873 980 926 quia
1002 871 1215 923 produxit
1231 869 1356 909 Deus

57 935 202 975 adhuc
226 934 279 974 de
305 939 427 973 terra
448 943 577 970 omne
606 930 775 983 lignum
793 929 1048 981 speciosum
1069 932 1113 966 et
1129 927 1295 966 bonum
1311 925 1354 965 in

58 1004 220 1032 eseam.
282 988 486 1041 Denique
506 990 686 1026 secutus
712 985 934 1024 adiunxit:
967 982 1032 1023 Et
1055 981 1221 1036 lignum
1244 980 1358 1021 vitae

56 1047 101 1087 in
134 1045 270 1086 medio
301 1041 519 1097 paradisi,
557 1048 599 1082 et
628 1040 793 1094 lignani
822 1038 1027 1079 scientiae
1061 1037 1162 1078 boni
1183 1043 1224 1077 et
1244 1035 1358 1076 mali.

56 1102 234 1142 Deinde
256 1100 435 1147 flumen,
455 1110 541 1151 quo
560 1096 793 1150 paradisus
811 1096 1091 1148 irrigaretur,
1109 1093 1299 1133 divisum
1316 1092 1361 1130 in

58 1165 251 1212 quatuor
268 1155 487 1210 principia
505 1153 741 1192 fluviorum
754 1158 946 1204 quatuor
962 1150 1227 1203 explicatur,
1243 1146 1362 1201 quod

56 1220 202 1253 totum
220 1212 418 1265 pertinet
435 1209 490 1248 ad
511 1208 841 1248 institutionem
856 1206 1069 1260 paradisi.
1130 1203 1264 1253 Quod
1286 1202 1363 1243 ubi

56 1269 335 1316 terminavit,
369 1265 579 1318 repetivit
603 1263 717 1303 illud
741 1262 862 1316 quod
884 1263 973 1301 iarn
1011 1262 1210 1309 dixerat,
1246 1264 1291 1299 et
1314 1270 1362 1297 re

60 1337 165 1364 vera
184 1323 268 1363 hoc
286 1321 574 1375 sequebatur,
594 1319 883 1372 atque⁴ait2):
903 1317 967 1357 Et
984 1316 1134 1356 sumsit
1144 1312 1361 1355 DensDo—

57 1379 196 1420 minas
215 1378 442 1424 bominem,
464 1373 745 1429 qaemfinxit,
770 1381 811 1414 et
822 1372 968 1426 posnil
988 1385 1081 1412 enm
1097 1371 1142 1411 in
1154 1368 1362 1425 paradiso

60 1443 146 1476 ete.
201 1435 313 1475 Post
330 1434 418 1472 ista
436 1431 552 1471 enim
575 1430 696 1470 facta
714 1430 777 1469 ibi
795 1434 864 1469 est
882 1430 1056 1482 positus
1076 1426 1226 1475 honm,
1248 1426 1365 1465 sieut

59 1504 175 1531 nunc
199 1490 310 1530 ordo
337 1491 434 1541 ipse
460 1487 759 1534 demonstrat,
794 1498 882 1524 non
912 1490 1013 1537 post
1047 1482 1271 1523 hominem
1301 1480 1365 1521 ibi

60 1547 257 1599 positum
290 1544 414 1584 facta
443 1547 546 1582 sunt
579 1542 687 1590 ista,
724 1541 841 1579 sicut
870 1540 993 1593 prius
1027 1539 1192 1578 dietum
1218 1537 1365 1590 putari

60 1608 232 1656 potest,
258 1602 343 1640 nisi
361 1597 677 1650 recapitulatio
698 1596 790 1635 illic
809 1595 1051 1649 vigilanter
1068 1594 1364 1646 intelligatur,

61 1670 148 1711 qua
165 1658 337 1697 reditur
354 1654 409 1694 ad
429 1666 495 1702 ea,
516 1663 629 1706 quae
646 1651 826 1691 fuerant
844 1650 1176 1704 praetermissa.
1236 1649 1364 1688 {tem-

62 1727 147 1767 que
172 1714 215 1752 in
242 1711 400 1752 eodem
425 1709 563 1757 libro,
597 1720 730 1760 quum
753 1711 1213 1747 commemorarentur
1231 1715 1364 1758 gene-

61 1769 261 1808 rationes
281 1767 474 1806 filiorum
494 1763 606 1812 Noe,
628 1763 794 1803 dietum
814 1762 958 1812 est³):
989 1760 1149 1815 Hifilii
1167 1759 1303 1799 Oltam
1320 1758 1366 1798 in

63 1823 257 1864 tribubus
274 1822 359 1861 snis
378 1819 607 1860 secandam
624 1818 794 1871 lingaas
810 1831 923 1866 suas,
950 1816 995 1856 in
1013 1815 1262 1867 regionibus
1280 1813 1365 1853 sais

64 1886 105 1919 el·
122 1877 381 1931 ingentibus
398 1875 497 1915 sais.
559 1874 840 1913 Enumeratis
860 1884 1037 1927 quoque
1057 1872 1160 1911 filiis
1181 1865 1281 1911 Scin
1303 1870 1365 1908 ‹li-

64 1935 179 1974 citur
192 1933 252 1984 4’);
280 1930 438 1986 Hifilii
455 1930 550 1969 Sem
569 1929 614 1968 in
634 1929 825 1968 tribubus
843 1928 928 1968 sais
945 1927 1175 1967 secundnm
1194 1925 1366 1978 linguas

62 2002 181 2037 snas,
208 1989 254 2028 in
278 1986 526 2040 regionibns
552 1983 636 2024 sais
661 1990 703 2023 et
732 1983 777 2024 in
805 1983 1006 2035 gentibus
1039 1982 1138 2022 sais.
1200 1982 1255 2020 Et
1289 1980 1363 2020 ad·

65 2045 259 2084 nectitur
290 2044 343 2083 de
371 2041 594 2082 omnibus:
629 2038 727 2079 Hae
752 2038 1094 2093 trilntsfiliormn
1113 2035 1364 2077 Noeseczm-

67 2100 165 2139 dam
185 2098 490 2153 generationes
514 2107 660 2136 eoram
688 2100 731 2135 et
762 2095 992 2135 secundam
1019 2100 1170 2148 gentes
1203 2103 1360 2133 eoram.

122 2219 152 2260 ι)
175 2218 214 2250 C.
233 2220 265 2256 2,
282 2221 313 2252 8.
330 2228 376 2251 ss.
427 2222 464 2262 2)
484 2218 529 2252 V.
551 2218 600 2251 15.
650 2217 688 2261 3)
709 2215 801 2250 Gen.
821 2218 875 2256 10,
894 2218 949 2250 20.
997 2214 1034 2258 4)
1055 2214 1146 2248 Gen.
1171 2217 1218 2252 lo,
1238 2217 1290 2244 231.
