1503 2465
301 83 695 125 ENCHIRIDION
723 86 800 126 AD
832 86 1125 129 LAURENT.
1291 91 1365 130 171

59 181 201 209 rerum
219 181 326 222 quae
343 181 426 208 non
446 167 659 208 videnlur.
681 172 721 220 ¹)
756 170 968 218 Quamvis
985 173 1162 225 quando
1183 185 1232 213 se
1248 174 1368 227 quis-

59 237 144 277 que
164 238 253 263 non
270 225 435 273 verbis,
457 237 543 264 non
564 226 771 275 testibus,
795 241 880 266 non
901 227 1094 281 denique
1114 229 1219 269 ullis
1239 242 1370 282 argu-

56 281 240 329 mentis,
264 280 343 320 sed
368 282 672 333 praesentium
698 293 845 321 rerum
874 284 1129 325 evidentiae
1150 285 1368 325 credidis-

58 348 127 383 se,
164 334 249 375 hoc
273 341 360 384 est,
397 336 529 376 fidem
558 338 926 378 accommodasse
946 339 1078 389 dicit,
1114 353 1201 380 non
1227 342 1290 381 ita
1306 341 1369 380 vi-

58 391 189 431 detur
207 391 501 441 absurdus2)‚
537 398 585 432 ut
603 397 726 432 recte
750 392 1110 445 reprehendatur
1135 398 1180 436 in
1211 397 1367 446 verbo,

58 448 188 500 eique
216 447 412 487 dicatur:
449 447 638 497 Vidisti,
671 460 781 502 ergo
811 462 898 489 non
926 451 1177 491 credidisti.
1238 453 1366 492 Unde

55 503 202 556 putari
223 508 396 555 potest,
423 516 510 542 non
539 516 637 543 esse
658 516 962 558 consequens,
988 512 1141 546 utnon
1160 508 1368 547 videatur

54 571 129 598 res
161 571 466 611 quaecumque
492 561 705 600 creditur.
768 561 855 601 Sed
882 562 1041 601 melius
1068 561 1182 602 hune
1214 564 1366 616 adpel-

54 615 196 654 lamus
215 615 368 664 iidem,
392 628 520 668 quam
541 615 693 656 divina
710 616 892 669 eloquia
911 618 1182 668 docuerunt,
1212 632 1364 660 earum

53 670 233 709 scilicet
254 682 422 719 rerum,
454 684 566 723 quae
596 686 684 711 non
702 672 925 712 videntur.
986 673 1054 713 De
1081 687 1159 727 spe
1185 688 1363 728 quoque

54 726 116 765 ait
135 726 369 778 apostolus
385 727 445 775 3):
476 727 578 779 Spes
599 741 707 780 qaae
723 728 892 768 videtur
913 743 997 768 non
1017 737 1081 769 est
1093 743 1199 782 spes.
1237 730 1366 781 Quod

53 780 163 820 enim
183 781 294 821 videt
313 781 423 834 quis,
454 782 557 835 qnid
571 784 743 835 sperat?
773 783 822 823 Si
838 792 980 824 {tutem
1001 786 1116 838 quod
1137 800 1223 826 non
1248 787 1360 826 vide-

52 850 143 876 mus
173 850 411 889 speramus,
440 851 521 890 per
546 838 808 891 patientiam
841 849 1147 893 exspectamus.
1216 843 1362 891 Quum

54 905 163 946 ergo
183 893 302 932 bona
329 893 458 932 nobis
483 893 634 934 futura
658 906 759 935 esse
784 896 1048 946 creduntur,
1086 897 1197 937 nihil
1221 899 1360 949 aliud,

53 961 182 1000 quam
221 954 469 1001 sperantur.
535 950 625 989 Iam
667 950 729 990 de
769 964 951 992 amore
994 953 1126 1006 quid
1165 954 1359 1005 dicam,

52 1005 171 1043 sine
198 1017 296 1057 quo
327 1004 468 1044 fides
498 1003 637 1045 nihil
659 1007 910 1059 prodest}
949 1008 1077 1062 Spes
1108 1021 1215 1049 vero
1238 1023 1358 1051 esse

51 1061 166 1099 sine
191 1072 368 1100 amore
398 1073 494 1100 non
520 1067 716 1113 potest.
776 1063 984 1117 Denique
1008 1070 1057 1104 ut
1080 1066 1144 1105 ait
1175 1072 1358 1119 aposto-

51 1115 120 1155 lus
133 1115 320 1155 lacobus
334 1115 395 1165 Ὃς
420 1116 719 1157 Etdaemones
735 1119 927 1168 credant,
942 1122 1359 1172 etconlremisczmt;

50 1183 132 1210 nec
152 1176 299 1210 tamen
319 1177 515 1224 sperant,
538 1174 793 1224 velamant,
825 1176 904 1214 sed
924 1177 1090 1229 potius,
1120 1179 1240 1230 quod
1259 1191 1358 1232 spe-

47 1238 196 1266 ramus
225 1232 270 1266 et
295 1239 514 1276 alumnus,
552 1229 779 1269 credendo
811 1236 1046 1272 venturum
1075 1245 1175 1273 esse
1201 1234 1356 1275 formi-

49 1282 169 1322 dant.
231 1283 422 1335 Propter
447 1284 566 1337 quod
602 1286 835 1337 apostolus
862 1286 1028 1327 Paulus
1055 1289 1207 1339 fidem,
1241 1303 1356 1343 quae

46 1350 127 1392 per
145 1338 433 1378 dilectionem
460 1345 690 1392 operatur,
726 1341 948 1395 adprobat
970 1349 1103 1396 atque
1133 1358 1355 1386 commen-

49 1394 126 1433 dat
140 1395 196 1444 ⁵),
213 1406 326 1447 quae
346 1397 498 1447 utique
519 1395 614 1435 sine
634 1408 713 1449 spe
733 1409 937 1437 essenon
957 1405 1123 1451 potest.
1155 1401 1354 1442 Proinde

46 1461 143 1489 nee
168 1462 319 1489 amor
347 1450 462 1489 sine
490 1463 581 1502 spe
616 1458 718 1500 est,
748 1465 845 1493 nec
869 1456 982 1494 sine
1009 1468 1186 1496 amore
1213 1470 1353 1510 spes5

47 1518 214 1558 neque
242 1511 516 1559 utrumque
544 1507 658 1547 sine
682 1507 807 1548 fide.

104 1562 150 1601 C.
172 1561 247 1600 lx.
311 1562 454 1608 Quum
476 1574 584 1615 ergo
607 1567 851 1615 quaeritur,
874 1566 998 1618 quid
1027 1567 1351 1608 eredendum

0 1621 1 1643 ³
49 1617 119 1657 sit
139 1617 258 1669 quod
277 1617 332 1655 ad
352 1617 617 1670 religionem
638 1621 879 1671 pertineat,
909 1634 995 1661 non
1018 1635 1163 1662 rerum
1190 1630 1352 1664 natura

47 1673 111 1711 ita
130 1673 331 1712 rimanda
347 1678 429 1722 est,
443 1674 814 1725 quemadmodum
834 1677 887 1716 ab
910 1678 1115 1731 eis,quos
1136 1678 1350 1731 physicos

48 1729 207 1767 Graeci
231 1735 412 1778 vocant3
445 1741 526 1767 nec
551 1731 836 1770 metuendum
862 1740 930 1772 est
953 1732 1349 1786 [quemadmodum

46 1784 99 1822 ab
120 1782 310 1836 eisdem]
328 1784 390 1833 ὃ),
426 1797 479 1823 ne.
502 1785 670 1838 aliquid
690 1786 744 1825 de
765 1788 805 1826 vi
826 1794 869 1828 et
894 1803 1078 1828 numero
1106 1791 1351 1831 elemento-

43 1852 154 1888 rum,
177 1840 229 1879 de
251 1846 371 1879 motu
392 1846 524 1893 atque
545 1841 700 1881 ordine
721 1848 766 1882 et
783 1844 1035 1884 defectibus
1057 1847 1271 1895 sidorum}
1294 1849 1349 1888 de

44 1896 189 1948 figura
207 1896 339 1944 coeli,
364 1895 419 1935 de
437 1896 677 1949 generibus
697 1904 744 1938 et
760 1902 931 1940 naturis
952 1903 1233 1951 animalium,
1260 1902 1350 1943 fru-

93 2045 127 2086 l)
149 2045 261 2077 Hebr.
285 2050 334 2084 11,
359 2051 382 2079 Ι.
414 2044 621 2084 πραγμάτων
638 2043 767 2086 ἔλεγχος
784 2044 824 2080 οὗ
840 2049 1064 2085 βλσπυμένων.
1112 2053 1149 2091 2)
1168 2053 1258 2092 „Si-0
1275 2064 1349 2086 me-

45 2087 159 2123 liores
178 2092 264 2123 Mss.
288 2093 385 2125 Editi
404 2105 507 2126 voro:
527 2095 762 2129 absurdum.“
785 2097 874 2130 Ben.
902 2098 938 2138 3)
955 2098 1099 2135 RomAE,
1120 2103 1173 2131 24.
1189 2112 1216 2132 s.
1245 2102 1282 2141 4)
1305 2101 1347 2134 C.

42 2139 150 2216 {Ziblsis
200 2138 236 2180 ὁ)
258 2139 315 2171 Cf.
334 2138 417 2173 Gal.
435 2143 474 2180 5,
501 2144 530 2174 6.
581 2141 616 2183 0)
639 2142 718 2175 Hoc
740 2141 922 2185 glossema
939 2144 1044 2177 deest
1068 2146 1103 2178 in
1123 2145 1227 2179 libris
1248 2152 1347 2180 vete-
