1503 2465
155 123 233 162 172
504 122 739 163 AURELII
768 122 1088 164 AUGUSTINI

151 206 306 253 ticum,
326 204 537 258 lapidum,
556 205 761 254 fontium,
782 206 1025 256 fluminum,
1039 208 1270 256 montium,
1288 206 1341 246 de
1357 220 1454 261 spa-

151 262 228 301 tiis
258 262 461 300 locorum
494 267 539 301 et
571 268 844 315 temporum,
877 262 930 301 de
965 263 1106 315 signis
1131 264 1455 302 imminentium

151 321 467 369 tempestatum
481 348 490 366 ,
516 322 560 357 et
580 318 668 357 alia
688 322 903 356 sexcenta
920 317 973 356 de
994 319 1058 356 eis
1077 318 1234 367 rebus,
1261 330 1368 370 quas
1389 318 1453 357 Jlli

152 371 226 411 vel
248 373 537 422 invenerunt,
571 373 644 412 vel
668 373 893 412 invenisse
919 385 967 412 se
999 373 1270 412 existimant.
1331 372 1454 411 Chri-

153 427 325 467 stianus
343 429 544 479 ignoret:
566 429 670 480 quia
690 441 770 467 nec
787 430 871 480 ipsi
890 429 1038 467 omnia
1052 434 1316 480 repererunt
1329 434 1453 467 tanto

153 482 429 522 excellentes
458 484 667 536 ingenio,
700 482 943 536 flagrantes
968 483 1141 532 studio,
1176 483 1453 523 abundantes

152 538 268 587 otio,
303 542 347 577 et
372 540 588 590 quaedam
613 537 804 578 humana
829 539 1089 578 coniectura
1111 539 1453 591 investigantes,

152 594 371 646 quaedam
404 606 511 634 vero
547 593 766 634 historica
798 595 1077 647 experientia
1103 600 1451 647 perscrutantes,

152 654 197 688 et
215 649 259 688 in
280 650 360 698 eis,
386 662 499 702 quae
519 662 566 689 se
585 650 809 689 invenisse
829 649 1095 702 gloriantur,
1125 650 1255 702 plura
1272 651 1452 701 opinan-

147 709 216 744 tes
234 705 384 757 potius
405 718 534 757 quam
554 706 762 745 scientes.
792 704 909 745 Satis
930 710 998 744 est
1013 704 1284 753 Christiano,
1304 716 1453 744 rerum

149 766 399 800 creatarum
419 773 634 809 caussam,
647 763 739 800 sive
755 760 1033 809 coelestium,
1045 761 1138 800 sive
1155 761 1451 809 terrestrium,

148 817 243 855 sive
262 816 522 865 visibilium,
542 817 636 856 sive
657 816 964 865 invisibilium,
991 829 1078 855 non
1098 816 1184 856 nisi
1202 816 1452 855 bonitatem

149 870 334 911 eredere
360 872 599 921 creatoris,
634 872 709 924 qui
735 878 805 911 est
821 871 945 911 Deus
968 885 1081 910 unus
1106 876 1151 911 et
1166 883 1320 919 verus,
1357 871 1449 909 nul-

148 926 324 979 lamque
345 939 443 966 esse
464 933 689 976 naturam,
725 939 838 979 quae
858 940 946 966 non
965 933 1041 966 aut
1057 928 1153 978 ipse
1181 927 1261 973 sit,
1295 931 1372 965 aut
1394 925 1447 964 ab

146 982 270 1033 ips03
318 995 506 1035 eumque
539 995 639 1022 esse
673 983 944 1031 trinitatem,
990 988 1159 1035 patrem
1197 982 1372 1021 scilicet
1405 988 1450 1020 et

146 1037 287 1077 filium
305 1050 330 1077 a
347 1043 473 1090 patre
494 1040 692 1090 genitum
711 1042 757 1077 et
775 1039 979 1089 spiritum
1000 1043 1199 1077 sanctum
1219 1038 1273 1076 ab
1289 1037 1447 1076 eodem

145 1096 324 1145 patrel)
353 1094 692 1145 procedentem,
727 1094 807 1133 sed
830 1107 961 1132 unum
996 1093 1287 1146 eumdemque
1322 1093 1447 1145 spiri-

144 1155 239 1188 tum
257 1149 395 1201 patris
417 1155 462 1188 et
480 1149 574 1188 filii.

203 1204 249 1244 C.
271 1204 324 1243 X.
383 1204 445 1243 Ab
472 1203 553 1243 hac
583 1216 751 1244 summe
772 1209 816 1243 et
834 1203 1084 1256 aequaliter
1102 1209 1148 1243 et
1163 1202 1446 1242 immutabili-

144 1264 216 1300 ter
233 1260 352 1299 bona
369 1260 569 1299 trinitate
591 1266 743 1299 creata
761 1266 863 1298 sunt
887 1261 1052 1306 omnia,
1090 1266 1134 1299 et
1155 1271 1237 1298 nec
1261 1270 1445 1306 summe,

144 1327 227 1354 nec
249 1315 517 1367 aequaliter,
552 1328 634 1354 nee
658 1315 995 1354 immutabiliter
1018 1317 1154 1363 bona,
1194 1314 1272 1358 sed
1299 1320 1447 1353 tamen

142 1370 263 1410 bona
281 1371 414 1409 etiam
435 1371 630 1423 singula3
663 1371 793 1410 simul
815 1383 917 1409 vero
938 1373 1147 1410 universa
1164 1369 1292 1408 valde
1311 1370 1444 1417 bona,

145 1428 250 1479 quia
273 1438 327 1465 ex
352 1426 554 1465 omnibus
587 1427 797 1466 consistit
828 1426 1135 1466 universitatis
1168 1424 1444 1464 admirabilis

143 1480 497 1534 pulchritudo.2)

200 1538 246 1575 C.
274 1537 349 1575 Xl.
411 1537 458 1576 ln
485 1549 572 1590 qua
596 1537 728 1576 etiam
753 1536 886 1585 illud,
925 1536 1043 1589 quod
1076 1535 1239 1576 malum
1265 1534 1442 1584 dicitur,

142 1594 256 1632 bene
277 1593 528 1631 ordinatum
548 1598 591 1631 et
611 1593 712 1631 loeo
733 1605 812 1631 suo
836 1593 1026 1645 positum
1044 1591 1309 1631 eminentius
1326 1603 1442 1629 com-

145 1648 326 1687 mendat
346 1648 477 1695 bona,
506 1653 554 1686 ut
571 1648 712 1700 magis
732 1648 938 1699 placeant
957 1653 1001 1686 et
1020 1646 1320 1686 laudabiliora
1338 1647 1440 1693 sint,

146 1704 248 1743 dum
289 1709 602 1755 comparantur
630 1703 772 1741 malis.
830 1702 985 1755 Neque
1017 1704 1131 1741 enim
1156 1702 1278 1740 Deus
1304 1702 1442 1739 omni-

142 1764 319 1812 potens,
350 1758 469 1812 quod
490 1760 622 1797 etiam
642 1758 847 1797 infideles
866 1758 1064 1797 fatentur
1079 1759 1133 1807 ὅ),
1162 1785 1190 1805 ,,
1206 1768 1349 1795 rerum
1371 1757 1443 1795 eui

143 1826 313 1854 summa
329 1815 576 1866 potestas“,
599 1826 728 1866 quum
749 1826 917 1852 summe
936 1813 1078 1851 bonus
1099 1813 1174 1861 sit,
1194 1812 1286 1850 ullo
1307 1811 1440 1850 modo

144 1872 313 1909 sineret
333 1869 434 1908 mali
456 1881 555 1907 esse
576 1869 744 1920 aliquid
764 1869 804 1907 in
827 1869 1036 1921 operibus
1056 1868 1168 1915 suis,
1195 1867 1278 1905 nisi
1301 1878 1439 1919 usque

144 1926 258 1965 adeo
294 1930 415 1964 esset
448 1925 731 1975 omnipotens
766 1930 810 1963 et
838 1924 1004 1972 bonus,
1046 1929 1091 1961 ut
1122 1923 1235 1962 bene
1269 1921 1441 1960 faceret

143 1983 276 2021 etiam
294 1980 346 2019 de
367 1980 497 2018 malo.
536 1978 624 2031 [De
644 1980 762 2018 bono
782 1986 966 2018 naturae
986 1979 1187 2017 vitiatum
1210 1978 1304 2030 ipse
1318 1977 1440 2015 Deus

140 2036 255 2076 bene
281 2035 391 2075 facit
413 2034 721 2084 reformando,
761 2040 836 2073 aut
868 2034 1092 2086 puniendo
1126 2033 1349 2082 vitiatum3
1389 2044 1439 2071 ac

196 2173 226 2209 [J
251 2171 328 2201 Uno
348 2167 516 2200 Vaticani
534 2167 621 2198 Mss.
642 2169 677 2198 et
694 2177 784 2197 unus
802 2165 904 2207 Lips.
926 2164 981 2197 liic
999 2166 1155 2198 addunt:
1178 2170 1215 2200 et
1228 2163 1314 2209 fillo
1333 2173 1440 2208 proc.

142 2218 179 2257 2)
201 2215 255 2249 Cf.
278 2215 367 2248 Gen.
391 2218 415 2252 l,
435 2217 488 2247 31.
536 2215 573 2256 3)
596 2212 653 2244 Cf.
672 2212 773 2253 'Vix-g.
793 2212 882 2245 Aen.
903 2215 951 2250 10,
971 2216 1041 2244 100.
