1503 2465
214 111 293 151 DE
325 109 625 150 DOCTRINA
657 109 893 150 CHRlS'l‘.
955 109 1065 149 L-lss.
1098 109 1173 150 ΠΙ.
1268 110 1346 151 109

43 197 142 249 ipsa
158 195 454 248 intelligenda
473 201 542 234 est
559 193 760 247 patribus
782 193 905 243 data,
934 193 1110 247 quando
1132 193 1196 233 eis
1222 199 1346 233 certa

44 259 90 292 et
108 250 462 291 incommutabili
480 250 564 289 Dei
583 250 812 289 voluntate
841 250 1061 301 promissa
1085 255 1170 299 est3
1208 262 1345 301 quon-

41 310 130 347 ium
150 309 247 359 ipsa
264 306 577 359 promissionis
596 305 667 344 vel
686 305 1111 357 praedestinationis
1133 306 1343 344 firmitate

41 363 129 402 iam
150 363 254 402 data
272 367 352 410 est,
369 372 481 414 quae
497 360 643 400 danda
660 374 740 399 suo
761 366 963 413 tempore
983 373 1008 399 a
1029 361 1229 413 patribus
1249 372 1343 399 cre-

42 418 135 457 dita
153 423 235 466 est,
250 418 365 456 sieut
385 416 470 456 de
459 429 599 469 ipsa0
577 429 626 454 ‘ri
630 416 733 463 atia,
754 428 866 469 quae.
886 417 1052 455 sanctis
1072 416 1215 465 datur,
1234 416 1342 456 seri-

39 473 151 513 bens
171 473 224 512 ad
244 471 531 512 'limotheum
555 472 788 524 apostolus
817 472 953 522 ait¹):
990 470 1089 511 Non
1112 471 1342 511 secundum

41 542 172 581 opera
196 536 366 576 nostra,
402 528 476 567 sed
497 527 727 567 seeundum
751 527 1157 580 smemproposetum
1179 534 1220 566 et
1233 540 1340 579 gra-

40 585 166 633 tiam,
197 597 304 637 qnae
328 585 430 623 data
449 590 511 622 est·
530 582 683 622 nobi's
667 596 709 621 ιη
733 581 903 622 Chresto
924 582 1019 622 Iesu
1048 590 1145 622 (mle
1172 583 1343 623 saecula

40 647 235 688 aeterna,
262 638 543 694 manifestata
567 646 709 677 (tutem
727 652 929 691 mamper
953 639 1180 677 adventum
1203 639 1339 678 salva·

40 695 146 736 toris
165 695 313 735 nostri.
371 695 534 734 Datum
554 694 668 734 dixit
686 694 889 746 gratiam,
920 695 1096 746 quando
1116 706 1197 733 nec
1218 700 1346 734 erant

42 750 185 791 adhue
219 751 378 804 quibus
412 751 614 798 daretur,
651 750 859 802 quoniam
893 750 937 788 in
966 750 1266 802 dispositione
1293 762 1343 789 ac

39 807 456 860 praedestinatione
472 806 555 845 Dei
574 807 661 845 iam
682 804 845 844 factum
866 811 976 855 erat,
998 806 1116 858 quod
1136 817 1217 845 suo
1236 811 1344 845 tem-

42 875 151 915 pore
176 862 374 902 futurum
408 867 528 910 erut,
564 860 683 914 quod
714 861 810 913 ipse
844 861 954 901 dicit
986 860 1343 911 manifestatum3

45 918 245 971 quamvis
265 916 375 957 haec
393 918 569 970 possint
586 916 779 970 intelligi
800 923 843 956 et
861 917 914 956 de
938 922 1060 956 terra
1082 916 1222 956 futuri
1248 929 1343 957 sae-

46 973 341 1027 culi‚quand0
363 975 447 1013 erit
467 972 643 1012 coelum
663 985 822 1012 novum
843 978 887 1012 et
904 978 1025 1012 terra
1043 985 1172 1022 nova,
1192 973 1237 1012 in
1258 984 1346 1025 qua

43 1029 199 1068 iniusti
225 1027 425 1068 hahitare
448 1042 536 1067 non
556 1033 781 1080 poterunt.
796 1029 836 1079 2)
896 1028 952 1068 Et
970 1028 1072 1068 ideo
1093 1035 1217 1069 reete
1237 1028 1345 1068 dici-

43 1092 117 1125 tur
137 1085 236 1137 piis,
253 1084 370 1136 quod
392 1087 488 1137 ipsa
506 1085 564 1123 sit
584 1090 703 1123 terra
722 1096 890 1134 eorum,
907 1096 1019 1137 quae
1036 1084 1128 1125 ulla
1148 1096 1202 1123 ex
1219 1090 1346 1136 parte

44 1153 133 1179 non
160 1142 246 1179 erit
269 1141 526 1192 impiorum,
567 1140 670 1192 quia
693 1145 737 1179 et
768 1142 867 1193 ipsa
897 1141 1105 1180 similiter
1129 1139 1234 1179 data
1262 1145 1344 1188 est,

45 1195 221 1248 quando
243 1195 387 1234 danda
406 1196 578 1235 firmata
597 1201 678 1234 est.

101 1251 148 1288 C.
173 1248 358 1290 XXXV.
427 1253 636 1299 Quintam
670 1250 919 1291 Tit-bonius
963 1252 1165 1304 regulam
1203 1252 1345 1303 ponit,

45 1319 175 1359 quam
195 1307 253 1345 de
280 1307 542 1358 temporib
557 1320 610 1345 us
630 1306 848 1358 adpellat,
877 1319 963 1360 qua
979 1307 1136 1360 regula
1158 1307 1347 1359 plerum-

44 1375 128 1414 que
162 1363 353 1401 inveniri
388 1362 457 1401 vel
490 1362 653 1401 eoniici
688 1363 832 1413 possit
864 1363 1009 1402 latens
1042 1364 1087 1401 in
1114 1362 1347 1414 scripturis

43 1418 212 1457 sanetis
237 1418 462 1471 quantitas
487 1423 751 1470 temporum.
811 1417 1000 1457 Duobus
1026 1424 1173 1457 autem
1201 1417 1345 1457 modis

43 1474 197 1526 τὶινριθ
224 1474 333 1513 dicit
356 1472 396 1511 h
389 1486 469 1512 une
504 1486 566 1511 rt·
558 1474 728 1525 gulam:
763 1483 838 1512 aut
872 1479 1004 1526 tropo
1040 1487 1092 1512 sx
1098 1472 1344 1522 necdoche‚

44 1536 120 1567 aut
153 1529 366 1581 le‹ritin1is
404 1529 613 1568 nunuris
683 1530 859 1581 'lropus
893 1527 1180 1582 synecdoche
1211 1534 1287 1567 aut
1321 1541 1346 1568 a

43 1590 168 1636 purte
194 1591 361 1630 totum,
392 1591 469 1623 aut
491 1596 517 1623 a
535 1590 631 1624 toto
655 1596 695 1635 p<
685 1590 824 1623 altem
849 1583 959 1624 facit
982 1585 1195 1637 intelligi:
1228 1585 1346 1624 sicut

41 1653 155 1678 uuus
177 1640 619 1692 evangelista-&pasl
641 1639 726 1679 dees
745 1647 840 1679 octo
868 1639 1033 1680 factum
1059 1640 1188 1688 dicit,
1224 1639 1344 1693 quod

42 1695 156 1734 alius
172 1696 322 1747 ⁴)post
345 1696 429 1734 dies
446 1708 538 1743 sex,
568 1695 742 1748 quando
764 1696 807 1734 in
826 1702 976 1735 monte
997 1696 1229 1749 discipulis
1248 1702 1342 1735 tun-

41 1756 134 1790 tum
159 1752 301 1790 tribus
325 1751 636 1803 praesentibus
660 1750 800 1790 facies
826 1751 1007 1791 Domini
1032 1751 1159 1791 fulsit
1184 1756 1230 1790 ut
1256 1750 1339 1798 sol,

43 1812 87 1845 et
106 1808 371 1846 vestimenta
391 1807 486 1846 eius
506 1808 621 1845 sieut
641 1807 727 1845 nix.
791 1808 1030 1860 Utrumque
1052 1807 1168 1846 enim
1189 1818 1342 1845 verum

43 1873 143 1901 esse
162 1874 247 1900 non
266 1868 436 1913 posset,
464 1862 582 1915 quod
603 1861 655 1900 de
676 1874 857 1902 numero
880 1863 1050 1901 dierum
1072 1863 1339 1911 dicttinsest,

40 1917 126 1956 nisi
148 1917 222 1956 ille
244 1918 315 1970 qui
336 1918 469 1957 dixit:
499 1924 601 1969 post
618 1916 702 1956 dies
722 1925 835 1963 octo,
870 1919 1152 1971 intelligatur
1170 1925 1341 1970 partem

38 1973 327 2012 novissimam
347 1973 455 2020 diei,
486 1985 541 2011 ex
566 1985 652 2024 quo
676 1972 721 2012 id
741 1972 944 2013 Christus
975 1973 1199 2027 praedixit
1224 1972 1341 2012 futu-

38 2038 156 2076 rum,
184 2034 227 2067 et
245 2034 414 2080 partem
435 2030 620 2081 primam
640 2027 752 2078 diei,
781 2042 867 2081 quo
897 2030 940 2068 id
966 2028 1165 2069 ostendit
1188 2028 1340 2082 imple-

88 2159 161 2199 1)2
180 2157 277 2190 Tim.
300 2160 328 2196 1,
348 2161 379 2192 9.
399 2171 423 2192 s.
475 2162 511 2202 2)
533 2159 591 2192 Cf.
609 2158 722 2201 Apoc.
742 2164 795 2197 21,
820 2164 844 2191 l.
864 2171 909 2192 ss.
960 2161 995 2199 3)
1016 2161 1102 2193 Luc.
1122 2162 1152 2193 9.
1172 2163 1244 2194 25:
1272 2155 1341 2197 ὡςεὶ

40 2202 157 2240 mamm
175 2199 274 2234 ὀκιω-
323 2208 360 2246 4)
381 2206 466 2238 Mat.
492 2209 541 2239 ιτ.
565 2210 591 2238 ι.
613 2207 698 2248 (Mc.
718 2208 749 2245 9,
770 2206 837 2245 2.);
854 2204 931 2241 μεθ’
953 2205 1074 2243 ἡμέρας
