1503 2465
230 117 310 158 DE
342 116 651 157 DOCTRINA
682 115 914 157 CHRIST.
973 113 1088 155 LlB.
1119 112 1194 155 IV.
1290 112 1365 152 123

59 202 239 251 tollitur,
264 200 302 241 si
320 200 412 255 quis
429 199 652 255 infaciem
671 214 741 240 vos
760 198 924 240 caedit:
948 198 1177 239 secundum
1195 195 1365 251 ignobi-

59 259 225 300 litatem
245 257 354 305 dico‚
376 255 499 309 quasi
515 270 591 296 nos
609 254 826 310 infirmati
843 254 985 294 simus.
1048 253 1100 294 In
1122 267 1202 307 quo
1223 259 1367 291 autem

61 314 153 369 quis
173 313 302 353 audet
320 311 384 363 (in
400 311 649 365 insipientia
664 311 794 360 dico),
817 311 954 350 audeo
973 316 1016 350 et
1032 323 1128 363 ego.
1175 306 1370 348 Hebraei

59 370 188 410 sunt?
205 376 247 409 et
264 380 358 421 ege.
398 366 626 408 Israelitae
643 369 769 407 sunt?
786 373 829 407 et
845 379 940 420 ego.
992 365 1145 405 Semen
1164 362 1369 403 Abrahae

59 427 188 466 sunt?
218 431 261 465 et
283 436 379 477 ego.
440 421 635 463 Ministri
661 421 825 463 Christi
846 422 971 461 sunt?
1005 419 1226 473 (insipiens
1251 418 1366 465 dico)

59 494 188 533 snper
204 493 300 534 ego.
317 478 359 531 ι)
396 477 447 519 In
468 478 686 518 laboribus
697 477 948 531 plurimum,
969 475 1012 516 in
1032 475 1276 516 carceribus
1295 474 1368 513 ab·

60 537 310 585 undantius,
328 534 374 574 in
384 533 529 588 plagis
542 548 673 588 snpra
692 534 876 581 modum,
891 532 936 572 in
950 531 1158 572 mortibus
1171 529 1338 583 saepius
1350 542 1370 578 3

62 605 89 632 a
115 590 287 633 Iudaeis
326 589 549 644 quinquies
585 589 881 644 qnadraginta
915 601 1001 628 una
1032 587 1172 627 minus
1196 584 1370 638 accepi‚·

61 655 130 688 ter
148 645 282 699 virgis
301 658 447 687 caesus
465 659 571 694 sum,
597 646 725 685 semel
741 645 957 697 lapidatus
972 656 1078 692 sum,
1105 650 1170 683 ter
1188 641 1371 695 naufra-

58 701 300 757 ginmseci,
330 708 456 742 nocte
475 708 517 740 et
534 702 599 741 die
616 701 659 740 in
672 701 897 755 profundo
917 697 1156 753 marisfuz',
1182 697 1227 736 in
1246 696 1370 736 itine-

62 758 181 799 ribus
211 771 355 812 saepe,
385 756 590 810 periculis
606 756 860 810 fluminum,
892 754 1098 809 periculis
1135 755 1369 800 latronum,

57 813 264 869 periculis
283 826 530 866 exgenere,
551 811 756 866 periculis
782 810 1071 865 exgentibus,
1096 808 1302 863 periculis
1326 806 1372 846 in

65 869 253 917 civitate,
275 867 479 922 periculis
496 868 541 907 in
559 869 739 916 deserto,
763 867 970 921 periculis
987 866 1032 906 in
1053 864 1179 913 mari,
1200 862 1372 918 pericu-

64 924 115 966 lis
134 923 582 979 infalsisfralribus‚·
611 923 656 963 in
675 924 822 964 labore
841 930 883 964 et
901 935 1123 971 aerumna,
1149 920 1195 960 in
1213 917 1373 973 vigiliis

64 979 250 1033 saepius,
269 978 448 1034 infame
467 987 509 1019 et
519 978 606 1028 siti,
622 978 667 1018 in
684 979 855 1019 ieiuniis
872 977 1056 1032 saepiuS,
1079 975 1315 1032 infrigore
1333 980 1377 1013 et

65 1035 291 1084 miditate;
324 1041 503 1088 praeter
524 1035 598 1075 itta
626 1048 734 1087 qnae
763 1035 1025 1075 extrinsecus
1051 1039 1152 1073 sunt
1177 1031 1373 1071 incursus

66 1091 112 1131 in
148 1104 213 1130 me
249 1090 546 1144 quotidianus,
583 1090 826 1130 sollicitudo
854 1089 1040 1130 omnium
1076 1085 1374 1129 ecclesiarum!

71 1145 177 1197 Quis
194 1146 466 1201 infirmatur,
489 1153 529 1186 et
553 1160 632 1199 ego
657 1160 743 1186 non
768 1146 996 1200 infirmor?
1033 1144 1138 1195 Quis
1160 1140 1373 1183 scandali-

67 1209 212 1250 zatur,
233 1209 274 1241 et
292 1215 370 1253 ego
392 1215 475 1241 non
494 1202 627 1241 uror?
650 1202 699 1240 Si
711 1201 903 1255 gloriari
921 1208 1105 1253 oportet,
1125 1199 1170 1239 in
1189 1198 1246 1238 eis
1269 1209 1377 1250 quae

68 1256 342 1312 infirmitatis
365 1270 483 1297 meae
511 1264 613 1296 sunt
637 1257 880 1309 gloriabor.
944 1258 1122 1304 Quanta
1154 1254 1378 1308 sapientia

69 1314 159 1353 istu
178 1315 268 1352 sint
286 1313 420 1362 dicta,
440 1313 680 1365 vigilantes
700 1313 865 1352 vident.
914 1312 1092 1360 Quanto
1113 1323 1219 1351 vero
1242 1309 1377 1349 etiam

73 1369 361 1422 eloquentiae
382 1369 663 1408 cucurrerint
681 1368 877 1417 flumine,
899 1375 944 1407 et
963 1369 1037 1420 qui
1055 1368 1205 1406 stertit
1222 1365 1378 1405 adver·

70 1425 141 1464 tit.
203 1424 347 1465 Porro
365 1430 513 1463 autem
533 1424 764 1476 quinovit,
791 1425 999 1477 agnoseit
1018 1423 1137 1475 quod
1157 1434 1211 1461 ea
1229 1432 1378 1469 caesa,

73 1492 187 1533 quae
209 1478 409 1527 κόμματα
425 1478 586 1519 Graeci
608 1486 784 1528 vocant,
807 1485 852 1519 et
867 1479 1066 1519 membra
1085 1484 1129 1518 et
1147 1478 1379 1525 circuitus,

74 1537 129 1575 de
156 1536 317 1588 quibus
341 1535 493 1588 paullo
518 1540 621 1574 ante
649 1535 862 1583 disserui,
900 1547 1032 1587 quum
1059 1533 1381 1573 decentissima

73 1593 294 1632 varietate
319 1591 735 1643 interponerentur,
770 1596 910 1630 totam
935 1591 1067 1629 istam
1092 1590 1287 1641 speciem
1317 1587 1381 1626 di·

75 1647 262 1696 ctionis,
294 1652 339 1686 et
364 1646 489 1700 quasi
519 1648 615 1685 cius
636 1646 826 1696 vultum,
853 1658 940 1698 quo
962 1646 1096 1685 etiam
1115 1644 1284 1684 indocti
1306 1642 1382 1682 de-

73 1702 300 1742 lcetantur
318 1708 658 1754 moventurque,
678 1701 898 1742 fecerunt.
956 1701 1067 1741 Nam
1087 1701 1203 1740 unde
1231 1699 1380 1750 coepi-

75 1771 172 1798 mus
206 1757 321 1797 hunc
354 1758 505 1797 locum
540 1758 764 1806 inserere,
801 1758 1015 1798 circuitus
1049 1762 1169 1796 sunt:
1210 1756 1379 1808 primus

75 1814 301 1863 minimus,
320 1812 407 1853 hoe
426 1813 809 1864 est‚bimen1b1·is;
841 1814 986 1852 minus
1007 1813 1122 1852 enim
1142 1825 1271 1865 quam
1291 1810 1379 1849 duo

75 1870 278 1910 membra
306 1869 522 1909 circuitus
550 1867 715 1908 habere
749 1882 838 1908 nou
871 1874 1078 1922 possunt,
1113 1865 1259 1920 pluris
1272 1877 1380 1905 vero

76 1931 280 1978 possunt.
342 1925 461 1978 Ergo
481 1925 556 1964 ine
578 1925 744 1976 primus
764 1930 852 1965 cst:
886 1924 1041 1963 iterum
1064 1923 1178 1971 dico,
1214 1936 1265 1961 ne
1291 1919 1383 1973 quis

76 1995 142 2021 me
161 1981 373 2021 existimet
387 1980 655 2034 insipientem
674 1993 774 2020 esse.
825 1979 1037 2034 Sequitur
1053 1980 1167 2019 alius
1187 1979 1383 2018 trimem-

130 2117 163 2157 1)
183 2117 298 2155 „Mss.
317 2120 351 2148 2:
374 2119 458 2161 plus
481 2127 561 2161 ego,
609 2117 658 2149 At
685 2115 748 2149 alii
774 2127 897 2148 omnes
925 2127 1000 2148 cum
1022 2116 1147 2148 editis:
1174 2125 1278 2158 snper
1303 2122 1383 2155 ega,

82 2162 214 2195 Graec.
234 2162 315 2197 5⁷13&
334 2164 409 2200 θ’ῐώ,
435 2166 495 2197 ubi
520 2166 707 2208 interpres
731 2163 843 2196 verba
867 2164 980 2204 magis
998 2163 1160 2196 reddidit
1180 2171 1283 2204 quam
1303 2170 1385 2192 scn-

79 2211 271 2244 tentiani.“
296 2211 384 2244 Ben.
