1503 2465
204 125 285 165 DE
317 125 622 169 DOCTRINA
654 129 885 171 Cfflus'r.
947 131 1060 172 LIB.
1094 132 1168 173 111.
1287 134 1343 174 79

29 210 319 264 adiungatur:
339 211 729 265 concupiscentiam
743 212 902 255 hahens
914 215 1086 256 dissolvi
1098 224 1136 257 el
1149 229 1235 257 esse
1246 231 1341 258 cum

31 265 223 306 Christo.
285 267 372 308 Sed
393 268 603 320 quoniam
621 270 686 308 ita
703 270 929 322 sequitur:
960 274 1092 312 multo
1121 273 1232 313 enim
1253 287 1340 314 ηια-

22 321 94 371 gis
120 322 346 374 optimum,
371 324 561 376 adparet
586 336 685 364 eum
713 327 810 365 eius
837 328 991 379 optimi
1020 329 1172 369 dicere
1198 342 1245 369 se
1266 328 1340 370 ha-

23 377 133 418 bere
155 380 584 432 concupiscentiam,
604 385 654 419 ut
672 393 806 433 quum
827 394 881 421 ex
902 383 1076 424 dnobus
1097 385 1338 438 compella-

23 438 112 483 tur,
134 433 321 475 alterius
340 440 490 475 tamen
510 433 674 475 habeat
693 438 1122 490 concupiscentiam,
1151 441 1336 481 alterius

24 490 368 530 necessitatem:
416 491 831 543 concupiscentiam
870 495 1048 535 scilicet
1092 508 1194 536 esse
1239 510 1337 537 cum

25 543 224 595 Christo,
244 549 564 587 necessitatem
583 559 765 588 manere
784 549 829 588 in
849 562 997 590 carne.
1054 551 1179 600 Quae
1200 553 1338 593 ambi-

22 601 173 653 guitas
197 615 288 643 uno
308 603 605 656 consequenti
623 604 762 643 verbo
785 604 1077 655 diiudicatur,
1116 610 1236 660 quod
1261 620 1337 662 po-

22 657 156 696 situm
183 662 253 711 est
282 658 414 708 enim,
439 671 569 712 quam
591 660 856 713 particulam
879 663 950 714 qui
972 663 1255 704 abstulerunt
1273 665 1336 703 in-

21 717 269 764 terpretes,
293 714 374 753 illa
390 715 542 768 potius
562 716 789 755 sententia
807 717 930 756 ducti
950 725 1073 768 sunt,
1095 725 1247 759 utnon
1266 733 1336 760 so-

21 767 112 808 lum
132 770 341 823 compelli
372 782 427 810 ex
453 771 648 820 duobus,
683 772 763 812 sed
790 773 925 813 etiam
953 774 1143 815 duorum
1169 774 1336 815 babere

22 826 437 877 concupiscentiam
456 826 700 867 videretur.
742 827 817 869 Sic
837 841 946 882 ergo
967 831 1334 884 distinguendum

21 885 110 920 est:
143 888 184 919 et
210 881 314 934 quid
337 882 494 934 eligam
519 881 709 933 ignoro;
739 887 970 938 compellor
993 893 1136 927 autem
1164 900 1215 928 ex
1233 887 1335 927 duo-

21 934 124 983 bus‚·
156 950 288 990 quam
314 937 652 978 distinctionem
676 941 899 993 sequitur:
940 942 1335 995 concupiscentiam

19 989 181 1032 liabens
211 992 400 1042 dissolvi,
437 1002 480 1034 et
510 1007 596 1034 esse
631 1008 726 1034 cum
760 995 949 1037 Christo.
1023 999 1077 1038 Et
1109 1004 1335 1052 tamquam

19 1053 337 1100 quaereretur,
369 1062 505 1103 quare
533 1049 663 1090 buius
684 1052 749 1091 rei
770 1053 922 1104 potins
941 1052 1105 1095 babeat
1124 1056 1333 1108 concupi-

18 1105 256 1144 scentiam:
276 1106 406 1144 mnllo
423 1107 531 1146 enim
551 1107 690 1159 nitigis
707 1108 926 1160 optimum,
939 1110 1094 1163 inquit.
1119 1111 1207 1150 Cur
1222 1123 1333 1163 ergo

19 1170 43 1198 e
63 1160 238 1201 duobus
258 1162 568 1214 compellitur}
603 1163 719 1211 Quia
737 1170 807 1204 est
832 1167 1043 1207 manendi
1067 1168 1332 1215 necessitas,

19 1227 149 1268 quam
176 1218 241 1255 ita
265 1218 480 1257 subiecit:
512 1231 686 1259 manere
710 1218 756 1259 in
779 1234 909 1261 carne
928 1222 1332 1275 necessariumpro-

10 1277 112 1324 pler
129 1284 215 1311 vos.
279 1273 363 1312 Ubi
382 1279 532 1313 autem
551 1287 695 1328 neque
717 1278 995 1329 praescripto
1024 1279 1152 1328 fidei,
1188 1292 1331 1331 neque

15 1327 158 1380 ipsius
193 1330 415 1369 sermonis
449 1334 575 1370 textu
608 1331 880 1383 ambiguitas
914 1334 1128 1386 explicari
1163 1341 1330 1387 potest,

17 1381 131 1423 nihil
149 1384 280 1424 obest
297 1385 542 1425 secundum
561 1388 808 1439 quamlibet
835 1401 1007 1438 earum,
1044 1403 1157 1444 quae
1183 1397 1331 1430 osten-

18 1438 203 1488 dentur,
227 1443 498 1481 sententiam
525 1442 823 1496 distinguere.
885 1444 1039 1485 Veluti
1074 1452 1143 1486 est
1166 1446 1245 1486 illa
1275 1446 1331 1486 ad

20 1494 281 1536 Corinthios
300 1499 357 1546 ¹):
392 1495 487 1536 Has
506 1511 611 1551 ergo
625 1498 936 1551 promissiones·
953 1500 1169 1551 habentes,
1200 1501 1330 1542 caris-

16 1549 135 1598 simi,
172 1553 420 1592 mundemus
448 1566 525 1592 nos
559 1553 611 1593 ab
647 1554 766 1593 omni
796 1555 1154 1609 coinquinatione
1188 1557 1330 1598 carnis

19 1614 61 1646 et
76 1606 266 1658 spiritus,
285 1608 560 1661 pei-ficientes
579 1609 972 1664 sanctificationem
992 1612 1037 1653 in
1056 1613 1210 1654 {imore
1230 1612 1328 1653 Dei.

23 1661 176 1715 Capite
209 1677 314 1713 nos;
345 1664 507 1704 nemini
537 1664 772 1705 nocuimus.
834 1667 1031 1708 Dubium
1067 1675 1136 1709 est
1167 1670 1330 1723 quippe

18 1724 187 1758 utrum:
220 1720 470 1759 ancndemus
495 1734 571 1760 nos
595 1720 647 1761 ab
678 1722 796 1762 omni
816 1723 1169 1776 coinquinatione
1189 1725 1331 1766 carnis

18 1781 62 1814 et
78 1773 277 1826 spiritus,
309 1776 554 1816 secundum
574 1778 696 1817 illam
715 1780 1006 1828 sententiam,
1043 1788 1091 1820 ut
1106 1780 1164 1821 sit
1178 1789 1331 1821 sancta

19 1837 61 1869 et
79 1843 262 1882 corpore
288 1839 330 1871 et
358 1832 597 1884 spirim2)‚·
635 1846 709 1873 an:
745 1835 991 1875 mundemus
1026 1850 1101 1877 nos
1134 1837 1186 1877 ab
1216 1837 1334 1876 omni

19 1885 376 1938 coinquinatione
394 1887 558 1936 curnis,
599 1894 646 1928 ut
664 1889 779 1929 alius
799 1891 857 1930 sit
877 1905 1037 1931 sensus
1053 1923 1062 1940 ,
1099 1900 1138 1932 et
1155 1892 1332 1945 spiritus

12 1940 288 1994 perficientes
312 1942 706 1997 sanctificationem
731 1945 776 1985 in
800 1945 953 1987 timore
976 1947 1061 1988 Dei
1082 1949 1222 2001 capite
1239 1962 1329 1988 nos.

17 1998 156 2037 Tales
176 1997 314 2051 igitur
333 1999 673 2040 distinctionum
691 2003 1012 2056 ambiguitates
1031 2005 1074 2044 in
1101 2010 1329 2057 potestate

18 2053 214 2106 legentis
237 2060 354 2094 sunt.

75 2110 123 2149 C.
144 2110 217 2148 111.
252 2111 571 2164 Quaecumque
591 2117 738 2152 autem
760 2113 814 2154 de
834 2116 1056 2169 ambiguis
1077 2116 1328 2156 distinctio-

71 2230 103 2272 1)
123 2232 142 2261 2
163 2230 247 2262 Cor.
267 2232 383 2268 7,1.s
443 2233 480 2275 2)
503 2234 561 2266 Cf.
587 2239 598 2267 ι
621 2234 706 2274 Cor.
726 2238 756 2276 7,
774 2240 829 2271 34.
