1503 2465
315 121 712 165 ENCHlRlDlON
741 126 818 166 AD
850 126 1143 171 LAURENT.
1306 133 1387 171 227

65 207 138 246 vel
167 205 378 257 facimus,
415 208 532 261 qnod
559 222 646 248 non
676 209 931 251 faciendum
959 224 1059 254 esse
1084 215 1170 255 iam
1202 217 1383 257 scimus.

66 263 356 316 Quapropter
380 278 466 303 non
493 265 641 305 solum
675 268 710 304 si
747 268 1055 319 peccavimus,
1092 277 1142 310 ut
1174 271 1386 324 ignoscat

64 319 401 372 (propterquod
422 320 613 360 dicimus
632 323 638 345 ¹
656 325 687 367 ):
711 320 895 363 Dimitte
912 324 1034 365 nobis
1054 325 1195 366 debita
1215 335 1380 376 nostra,

60 373 171 414 sient
191 382 233 414 et
250 388 326 414 nos
346 375 603 416 dimittimus
624 377 890 418 debitoribus
909 380 1109 432 nostris),
1137 395 1290 422 verum
1317 390 1379 423 et-

58 430 147 469 iam
173 442 229 470 ne
258 443 520 483 peccemus,
558 439 605 472 ut
631 440 761 487 regat
783 438 990 488 (propter
1016 438 1134 490 quod
1163 439 1377 479 dicimus:

61 484 126 525 Ne
146 499 221 526 nos
237 485 407 541 inferas
427 487 471 527 in
491 489 811 540 tentationem),
835 492 914 531 ille
933 494 1162 546 rogandus
1188 501 1278 542 est,
1306 497 1379 535 cui

60 541 227 581 dieitur
244 543 287 581 in
310 542 489 583 Psalmo
507 546 568 594 2):
584 543 797 585 Dominus
815 546 1074 588 illuminatio
1094 563 1188 589 mea
1207 558 1249 591 et
1263 552 1377 590 salus

57 610 176 646 mem,
223 604 274 638 ut
316 599 647 641 illuminatio
688 602 943 644 detrahat
979 605 1353 659 ignorantiam

58 653 207 693 salus
239 653 639 698 infirmitatem.

113 710 160 748 C.
182 709 408 750 Lxxxn.
471 711 581 752 Nam
606 719 651 753 et
669 715 766 767 ipsa
785 716 1082 767 poenitentia,
1111 718 1289 771 quando
1312 720 1378 758 di-

56 777 144 819 gna
162 778 323 806 caussa
344 773 413 807 est
431 769 675 809 secundum
695 783 866 810 morem
887 773 1110 813 ecclesiae
1132 780 1178 813 ut
1198 782 1374 827 agatur,

54 821 318 875 plerumque
342 824 603 865 infirmitate
628 839 715 865 non
742 829 910 880 agitur;
945 830 1049 882 quia
1076 836 1121 869 et
1146 832 1292 882 pudor
1320 833 1372 870 ti-

53 889 153 916 mor
185 884 255 917 est
291 878 582 932 displicendi,
626 881 729 920 dum
762 883 861 935 plus
910 884 1108 925 delectat
1145 885 1374 926 hominum

53 933 334 983 aestimatio,
365 948 494 988 quam
522 937 721 986 iustitia,
758 952 844 991 qua
871 952 922 979 se
950 943 1139 995 quisque
1165 940 1373 982 humiliat

52 989 346 1041 poenitendo.
407 992 536 1031 Unde
566 1006 655 1032 non
689 995 835 1033 solum
872 1008 1004 1048 quum
1041 999 1191 1051 agitur
1218 999 1371 1050 poeni-

51 1045 218 1094 tentia,
242 1057 400 1086 verum
420 1048 554 1087 etiam
575 1055 624 1089 ut
644 1055 827 1102 agatur,
857 1051 940 1090 Dei
963 1054 1277 1094 misericordia
1297 1066 1371 1093 ne-

53 1102 255 1140 cessaria
276 1107 359 1142 est.
409 1103 619 1157 Alioquin
642 1118 727 1144 non
749 1107 925 1147 diceret
945 1110 1180 1160 apostolus
1203 1110 1256 1149 de.
1277 1111 1371 1163 qui-

51 1155 240 1196 busdam
254 1157 317 1207 3):
351 1156 416 1198 Ne
429 1158 559 1215 forte
583 1160 654 1200 det
673 1160 755 1200 illis
782 1160 899 1202 Dens
922 1165 1251 1215 poenz'tentimn.
1317 1166 1372 1206 Et

50 1218 101 1251 ut
134 1212 297 1252 Petrus
335 1226 486 1254 amare
521 1214 671 1265 fleret,
722 1220 961 1269 praemisit
999 1222 1282 1275 evangelista
1327 1228 1372 1261 et

52 1268 116 1306 ait
131 1268 142 1292 ¹
156 1272 192 1316 ):
228 1268 430 1322 Respexit
447 1284 540 1310 enm
559 1269 786 1311 Dominus.

108 1324 154 1362 C.
182 1323 427 1364 Lxxxnl.
478 1327 564 1375 Qui
586 1339 693 1367 vero
715 1329 756 1367 in
778 1330 974 1370 ecclesia
993 1333 1160 1371 remitti
1182 1339 1372 1385 peccata

52 1392 141 1418 non
169 1380 359 1421 credens
384 1384 633 1423 contemnit
658 1389 824 1423 tantam
847 1386 982 1426 divini
1013 1390 1209 1427 muneris
1238 1390 1370 1442 largi-

51 1439 207 1484 tatem,
228 1441 272 1475 et
291 1436 333 1475 in
354 1435 436 1478 hac
458 1438 764 1479 obstinatione
783 1444 944 1481 mentis
967 1442 1081 1483 diem
1103 1444 1273 1484 claudit
1297 1457 1369 1484 ex-

52 1495 266 1539 tremum,
309 1505 410 1532 reus
434 1500 503 1533 est
522 1494 600 1533 illo
620 1495 925 1536 irremissibili
950 1506 1138 1551 peccato
1167 1501 1211 1539 in
1241 1501 1370 1553 spiri-

52 1551 144 1585 tum
166 1553 370 1588 sanctum
387 1550 444 1598 ⁵),
464 1550 507 1588 in
529 1562 615 1602 qno
635 1550 840 1590 Christus
862 1561 1048 1604 peccata
1068 1555 1270 1596 dimittit.
1300 1556 1369 1596 De

54 1615 142 1655 qua
159 1604 426 1654 quaestione
447 1606 618 1645 difficili
638 1607 680 1645 in
698 1608 891 1660 quodam
913 1616 1096 1662 propter
1117 1610 1203 1651 hoc
1221 1612 1367 1651 solum

53 1660 311 1712 conscripto
335 1660 492 1701 libello
506 1661 545 1712 θ)
569 1663 957 1715 enucleatissime,
987 1674 1198 1720 quantum
1224 1669 1369 1720 potui,

53 1713 292 1765 disputavi.

109 1769 156 1808 C.
183 1769 431 1811 Lxxxlv.
492 1771 583 1812 lam
616 1786 724 1813 vero
760 1775 815 1816 de
841 1779 1178 1818 resurrectione
1206 1778 1368 1830 cai-nis,

53 1837 139 1863 non
161 1827 278 1866 sicut
296 1828 475 1880 quidam
496 1830 768 1879 revixerunt,
793 1833 1042 1885 iterumque
1063 1841 1166 1874 sunt
1186 1837 1366 1882 mortui,

53 1880 131 1919 sed
159 1881 201 1920 in
230 1889 459 1922 aeternam
489 1886 643 1933 vitam,
679 1886 796 1927 sicut
816 1887 980 1928 Christi
1006 1891 1146 1942 ipsius
1176 1903 1280 1930 caro
1303 1903 1368 1928 re-

52 1938 273 1986 surrexit,
309 1940 683 1991 quemadmodum
716 1945 882 1993 possim
905 1945 1104 1985 breviter
1120 1947 1366 1999 disputare,

56 1997 99 2032 et
117 1993 323 2033 omnibus
344 1997 702 2047 quaestionibus,
723 2010 836 2051 qnae
858 2001 913 2040 de
934 1999 1082 2040 haere
1103 2003 1271 2041 moveri
1293 2003 1366 2041 ad-

105 2131 136 2172 1)
161 2130 287 2163 naith.
308 2133 344 2169 6,
369 2135 417 2164 12.
444 2144 471 2165 s.
521 2134 558 2175 2)
578 2134 638 2167 l's.
667 2139 729 2175 27,
760 2142 786 2170 1.
834 2137 871 2179 3)
891 2141 911 2171 2
932 2137 1032 2171 Tim.
1051 2142 1089 2179 2,
1116 2143 1170 2173 25.
1220 2140 1256 2181 4)
1278 2141 1364 2173 Luc.

53 2179 108 2215 ⁶22,
135 2179 188 2209 61.
240 2177 276 2218 5)
299 2177 355 2209 Cf.
375 2179 505 2211 matth.
530 2185 576 2217 ιζ’,
604 2185 657 2214 32.
709 2184 745 2219 0)
772 2183 887 2222 „Non
917 2184 988 2218 alio
1013 2187 1194 2219 credimus
1222 2186 1363 2225 libello,

55 2224 127 2256 nisi
147 2234 313 2258 sermone
332 2236 426 2258 nunc
442 2227 509 2266 71„
530 2228 588 2269 qui
609 2227 694 2260 olim
718 2229 760 2263 de
778 2233 899 2264 verbis
920 2232 1054 2265 domini
1079 2233 1147 2266 fnit
1171 2237 1244 2265 ΙΙ.“
1278 2234 1364 2265 lion.

1010 2285 1086 2326 1³2
