1503 2465
129 105 205 146 186
485 106 720 146 AURELII
750 107 1068 150 AUGUSTINI

124 202 206 230 sua
222 190 395 229 malitia
413 189 597 230 Domini
616 191 793 230 iustitia
812 191 1137 232 damnatorum.
1188 192 1278 234 Sed
1297 193 1432 235 homo

123 244 259 285 habet
279 252 323 285 et
343 258 531 298 poenam
551 249 791 299 propriam,
813 260 899 300 qua
917 249 1049 287 etiam
1068 250 1273 301 corporis
1288 256 1434 291 morte

121 301 304 354 punitus
325 307 407 341 est.
455 302 619 341 Mortis
641 303 804 354 quippe
823 304 1091 356 supplicium
1110 304 1234 344 Deus
1255 305 1293 345 ei
1316 318 1434 345 com-

121 357 315 396 minatus
335 355 559 407 fuerat1),
587 360 625 397 si
642 364 875 409 peccaret,
910 359 975 397 sic
995 371 1092 398 eum
1121 372 1359 400 munerans
1383 361 1434 400 li-

119 411 232 451 bero
253 411 458 460 arbitrio,
478 418 527 451 ut
543 418 691 451 tamen
709 420 893 465 regeret
906 415 1114 467 imperio,
1133 421 1328 455 terreret
1343 418 1434 456 exi-

120 467 209 516 tio3
250 473 384 519 atque
409 468 453 506 in
481 468 681 520 paradisi
708 467 929 509 felicitate
954 476 1179 522 tamqnam
1206 471 1251 509 in
1277 472 1435 510 umbra

118 523 260 571 vitae,
294 523 410 562 unde
436 523 612 563 iustitia
632 524 862 564 custodita
885 528 930 564 in
949 526 1141 565 meliora
1160 527 1434 566 conscende-

119 585 207 625 ret,
237 579 494 618 collocavit.

179 634 224 673 C.
244 633 407 674 XXVI.
462 634 581 674 Hinc
599 640 703 687 post
721 641 953 686 peceatum
974 636 1103 675 exsul
1123 635 1312 676 effeetus
1333 638 1434 676 stir-

118 701 220 742 pem
241 701 417 741 quoque
437 703 581 738 suam,
611 703 740 743 quam
765 692 994 742 peccando
1014 692 1057 729 in
1078 704 1125 730 se
1144 699 1366 744 tamquam
1386 693 1432 731 in

118 745 273 784 radice
293 747 544 794 vitiaverat,
573 758 717 799 poena
735 747 894 786 mortis
917 753 961 786 et
980 747 1280 786 damnationis
1296 750 1336 798 2)
1357 747 1432 786 ob-

119 800 327 840 strinxit:
360 806 408 840 ut
426 801 643 853 quidquid
666 803 808 853 prolis
829 814 884 842 ex
904 803 984 841 illo
1006 808 1050 841 et
1069 803 1202 841 simul
1224 803 1434 842 damnata

117 868 201 908 per
220 868 350 908 quam
367 862 637 908 peceaverat
661 858 879 910 coniuge,
914 870 994 910 per
1018 858 1242 897 carnalem
1270 871 1433 897 concu-

117 912 407 964 piscentiam,
431 914 476 951 in
496 925 582 965 qua
598 913 937 953 inobedientiae
959 926 1104 966 poena
1123 914 1283 953 similis
1305 915 1433 953 retri-

118 967 229 1007 buta
256 972 345 1016 est,
378 973 665 1017 nasceretur,
701 967 905 1008 traheret
939 969 1160 1021 originale
1183 975 1433 1022 peccatum,

121 1035 210 1076 quo
244 1021 500 1062 traheretur
526 1036 604 1076 per
627 1035 805 1063 errores
833 1024 1106 1076 doloresque
1141 1025 1346 1066 diversos
1378 1025 1436 1064 ad

120 1078 235 1117 illud
257 1085 503 1118 extremum
530 1092 627 1118 eum
647 1079 957 1120 desertoribus
983 1081 1178 1133 angelis,
1214 1081 1435 1120 vitiatori-

120 1134 206 1174 bus
243 1140 286 1173 et
318 1135 660 1187 possessoribus
694 1140 739 1174 et
773 1136 1062 1175 consortibus
1088 1137 1180 1175 suis
1217 1137 1313 1176 sine
1348 1137 1435 1176 fine

123 1190 408 1242 supplicium.
472 1190 546 1231 Sic
565 1203 647 1243 per
668 1203 799 1230 unum
826 1190 1279 1244 ltomz'nempeccatmn
1295 1191 1434 1231 intra·

121 1245 186 1285 vit
203 1245 245 1284 in
266 1246 491 1295 mundum,
520 1253 893 1299 aper-peccalum
911 1260 1054 1295 mors;
1086 1254 1128 1286 et
1142 1247 1205 1287 ita
1222 1247 1266 1286 in
1293 1260 1436 1286 omnes

123 1301 316 1341 hom-ines
328 1301 584 1354 pertransit,
605 1301 746 1355 inquo
767 1310 1225 1355 omnespeecaveremt.
1242 1303 1282 1353 3)
1307 1303 1435 1342 Mun-

124 1358 227 1397 dum
256 1358 417 1410 quippe
446 1357 694 1410 adpellavit
721 1370 774 1397 eo
801 1359 904 1398 loco
924 1359 1158 1411 apostolus
1177 1359 1434 1398 universum

122 1425 265 1466 genus
287 1411 537 1452 humanum.

179 1468 224 1507 C.
251 1467 434 1507 XXVII.
495 1469 562 1508 lta
595 1481 705 1521 ergo
740 1481 787 1508 se
814 1481 886 1509 res
914 1467 1123 1508 habebat.
1183 1469 1365 1509 Iacebat
1387 1471 1433 1509 in

119 1524 267 1573 malis,
289 1523 361 1562 vel
381 1524 514 1562 etiam
537 1524 812 1574 volvebatur,
833 1530 878 1564 et
893 1525 946 1564 de
964 1525 1093 1564 malis
1110 1525 1154 1564 in
1175 1525 1293 1564 mala
1306 1537 1433 1578 prae-

120 1579 396 1631 cipitabatur
429 1581 568 1618 totius
607 1578 785 1619 humani
819 1581 998 1633 generis
1034 1593 1182 1619 massa
1209 1581 1432 1629 damnata,

121 1641 167 1674 et
187 1635 400 1674 adiuncta
421 1634 538 1686 parti
560 1647 713 1675 eorum
738 1637 808 1688 qui
832 1641 1129 1688 peccaverant
1152 1637 1431 1689 angelorum,

119 1690 277 1730 luebat
301 1691 464 1742 impiae
494 1691 767 1730 desertionis
801 1691 1090 1744 dignissimas
1124 1703 1307 1743 poenas.
1367 1691 1433 1730 Ad

119 1747 235 1785 iram
263 1746 426 1797 quippe
450 1745 535 1784 Dei
562 1748 758 1797 pertinet
791 1747 952 1785 iustam
980 1747 1195 1798 quidquid
1230 1759 1364 1786 caeca
1388 1753 1433 1786 et

122 1802 347 1842 indomita
380 1803 747 1853 eoncupiscentia
779 1800 950 1841 faciunt
984 1803 1177 1841 libenter
1216 1803 1341 1851 mali,
1388 1808 1433 1841 et

125 1857 341 1910 quidquid
374 1856 628 1896 manifestis
663 1858 973 1910 apertisque⁴)
1007 1859 1165 1909 poenis
1201 1860 1433 1909 patiuntur

122 1913 268 1961 inviti,
290 1924 379 1951 non
399 1924 505 1952 sane
526 1915 745 1953 creatoris
767 1914 1016 1953 desistente
1037 1913 1253 1962 bonitate,
1277 1920 1322 1953 et
1341 1925 1429 1952 ma-

174 2060 209 2101 1)
232 2060 324 2092 Gen.
343 2063 443 2098 217.
494 2061 530 2099 2)
552 2059 613 2093 Sic
631 2061 723 2100 Am„
752 2062 828 2100 Er.⁹
848 2062 952 2099 Dan„
974 2061 1040 2094 Col
1070 2066 1105 2094 et
1124 2063 1212 2093 Ben.
1262 2061 1309 2092 At
1328 2061 1429 2098 Lov.,

126 2106 227 2143 Arii„
247 2107 380 2143 anla
401 2108 649 2141 (lnmnufione.
683 2110 719 2150 3)
737 2109 839 2140 Rom.
860 2112 890 2147 5,
916 2113 963 2140 l'.’.
1005 2112 1042 2149 4)
1065 2108 1119 2140 lla
1138 2107 1270 2145 lvmin-
1288 2108 1322 2138 in
1341 2107 1416 2138 §viss

128 2152 204 2184 fere
224 2153 408 2191 omnibus,
435 2154 529 2195 apud
551 2153 647 2195 Am„
674 2154 753 2194 Εικ,
775 2155 888 2193 Dan.‚
910 2153 989 2187 Col.
1040 2152 1429 2193 Se‹1Be11.etL1·gil.:

128 2197 347 2244 opertisque.
