1503 2465
142 105 224 144 214
509 105 747 145 AURELII
776 105 1092 147 AUGUSTINI

139 188 185 228 in
205 187 313 228 diem
330 189 576 241 sepulturae
592 187 635 228 in
660 196 843 229 matrem
869 189 1080 239 omnium,
1117 195 1167 230 ut
1191 191 1324 230 etiam
1353 203 1449 244 par-

140 244 270 283 vulos
295 244 526 283 videamus
554 251 656 296 post
681 245 905 284 lavacrum
923 246 1286 298 regenerationis
1306 246 1449 285 diver-

141 312 293 339 sorum
326 301 545 338 malorum
579 300 842 339 adflictione
876 301 1089 347 cruciari;
1144 307 1191 340 ut
1222 302 1449 354 intelliga-

139 367 259 403 mus,
295 359 461 403 totum,
496 355 616 407 quod
652 355 924 395 salutaribus
958 357 1108 409 agitur
1140 357 1450 406 sacramentis,

139 411 285 462 magis
307 410 360 448 ad
381 422 503 462 spem
523 411 775 450 futurorum
802 411 1042 459 bonorum,
1071 425 1198 463 quam
1224 413 1278 451 ad
1304 418 1450 452 reten-

138 466 309 504 tionem
326 466 394 505 vel
412 466 699 517 adeptionem
720 467 1021 518 praesentium
1040 469 1280 519 pertinere.
1306 467 1452 507 Multa

141 521 277 560 etiam
305 519 376 560 hic
405 521 611 560 videntur
636 522 814 574 ignosci
837 528 882 561 et
901 523 1033 561 nullis
1054 522 1287 574 suppliciis
1307 523 1450 562 vindi-

140 576 254 625 cari3
314 577 394 616 sed
429 589 583 616 eorum
618 589 788 629 poenae
822 583 1110 617 reservantur
1143 580 1185 617 in
1220 583 1450 630 posterum

141 635 307 684 (neque
336 632 451 670 enim
477 631 646 671 frustra
669 633 746 672 ille
774 633 951 685 proprie
978 633 1142 672 dicitur
1161 633 1256 672 dies
1276 634 1449 682 iudicii,
1502 685 1503 690 1

140 688 317 740 quando
352 693 565 726 venturus
598 693 667 727 est
698 689 835 728 iudex
860 689 1059 727 vivorum
1085 694 1216 741 atque
1250 695 1448 728 mortuo-

136 746 276 789 runm:
326 743 444 782 sieut
477 755 499 781 e
536 744 764 782 contrario
795 743 1077 783 vindicantur
1101 742 1172 782 hic
1196 743 1366 796 aliqua3
1403 750 1449 784 et

136 803 288 839 tamen
309 799 344 837 si
365 799 667 847 remittuntur,
692 798 899 852 profecto
919 801 961 838 in
982 799 1133 838 futuro
1154 800 1336 838 saeculo
1359 811 1448 838 non

137 853 379 893 nocebunt.
453 854 704 906 Propterea
738 854 792 893 de
826 854 1090 907 quibusdam
1122 855 1447 906 temporalibus

138 910 315 962 poenis,
344 921 455 962 quae
475 910 518 948 in
540 908 622 948 hac
645 912 733 950 vita
752 910 1042 963 peccantibus
1063 911 1337 962 irrogantur,
1364 912 1445 959 eiS,

139 977 328 1016 quorum
352 970 540 1018 peccata
564 966 791 1014 delentur,
827 978 881 1005 ne
908 971 1196 1005 reserventur
1229 965 1273 1004 in
1298 966 1446 1015 finem,

137 1022 201 1058 ait
221 1020 455 1072 apostolus
471 1021 529 1070 ¹):
567 1020 741 1060 sienim
761 1020 1053 1073 nosmetipsos
1076 1020 1382 1070 indicaremus,
1419 1033 1446 1060 a

136 1073 329 1114 Domino
356 1088 441 1115 non
464 1075 785 1125 iudicat-emam
826 1089 953 1129 qnam
976 1075 1221 1116 indicamur
1252 1083 1396 1116 antem
1419 1088 1446 1116 a

137 1128 343 1178 Domino,
373 1131 649 1184 corripimur,
678 1145 729 1172 ne
747 1145 841 1172 cum
859 1132 941 1171 hoe
960 1132 1114 1171 mundo
1137 1133 1400 1172 flammemur.

195 1187 241 1224 C.
260 1186 437 1226 van.
499 1188 752 1227 Creduntur
774 1186 965 1241 [autem]
989 1201 1014 1226 a
1028 1188 1290 1240 quibusdam
1311 1188 1444 1226 etiam

137 1242 171 1282 ii
187 1272 196 1288 ,
216 1243 288 1294 qui
311 1254 471 1281 nomen
494 1241 661 1282 Christi
681 1256 769 1282 non
788 1244 1059 1295 relinquunt,
1081 1249 1125 1282 et
1148 1243 1243 1281 eius
1264 1242 1443 1282 lavacro

134 1299 180 1337 in
202 1298 398 1336 ecclesia
415 1298 719 1350 baptizantur,
745 1311 826 1338 nec
846 1299 899 1338 ab
921 1311 972 1337 ea
994 1299 1085 1337 ullo
1106 1297 1346 1337 schismate
1373 1297 1445 1336 rel

137 1351 314 1392 haeresi
342 1354 681 1406 praeciduntur,
717 1355 760 1393 in
787 1354 1079 1407 quantislibet
1107 1353 1353 1393 sceleribus
1385 1353 1444 1391 vi-

135 1416 265 1456 vant,
293 1422 406 1461 quae
428 1422 508 1448 nec
532 1409 705 1449 diluant
725 1409 1014 1462 poenitendo,
1041 1422 1121 1448 nec
1141 1409 1445 1461 eleemosynis

136 1464 386 1513 redimant,
422 1465 501 1503 sed
531 1467 574 1503 in
601 1466 666 1504 eis
692 1478 834 1517 usque
859 1465 913 1504 ad
939 1464 1069 1503 huius
1095 1466 1213 1504 vitae
1242 1465 1444 1503 ultimum

139 1519 257 1558 diem
291 1521 650 1572 pertinacissime
685 1528 995 1573 perseverent,
1043 1520 1157 1559 salvi
1193 1520 1330 1559 futuri
1367 1531 1446 1572 per

136 1575 311 1627 ignem:
345 1576 491 1624 „licet
518 1589 596 1628 pro
622 1576 931 1629 magnitudine
967 1575 1215 1614 facinorum
1251 1574 1445 1628 flagitio·

137 1643 323 1682 rumque
343 1631 569 1679 diuturno,
588 1644 675 1671 non
696 1639 846 1671 tamen
865 1637 1050 1670 aeterno
1070 1631 1173 1683 igne
1194 1631 1388 1682 puniri.“
1402 1630 1443 1679 ²)

139 1686 229 1725 Sed
258 1686 329 1738 qui
365 1684 450 1725 hoc
482 1688 690 1735 credunt,
727 1693 771 1726 et
798 1693 945 1726 tamen
973 1685 1184 1726 catholici
1210 1691 1331 1734 sunt,
1368 1684 1445 1724 hu-

136 1753 269 1780 mana
288 1741 476 1793 quadam
495 1743 814 1782 benevolentia
831 1742 936 1781 mihi
958 1741 1057 1781 falli
1076 1741 1294 1781 videntur.
1332 1740 1443 1780 Nam

139 1797 362 1848 scriptura
387 1797 536 1836 divina
561 1798 682 1837 aliud
709 1798 916 1837 consulta
939 1797 1197 1849 respondet.
1259 1797 1442 1835 Librum

139 1857 289 1891 autem
315 1852 368 1891 de
403 1850 484 1891 hac
518 1854 783 1904 quaestione
820 1853 1090 1905 conscripsi,
1127 1854 1252 1892 cuius
1286 1852 1443 1891 titulus

140 1914 228 1946 est:
278 1908 377 1956 „de
402 1907 513 1946 fide
540 1915 587 1948 et
613 1922 636 1947 o
649 1909 932 1961 peribus‚“
967 1909 1042 1947 ubi
1069 1908 1311 1946 secundum
1336 1906 1444 1946 scri-

136 1970 292 2015 pturas
317 1969 517 2012 sanctas,
554 1970 764 2016 quantum
791 1964 888 2003 Deo
912 1964 1150 2003 adiuvante
1187 1964 1334 2015 potui,
1369 1961 1443 2000 de-

192 2107 223 2139 1)
248 2107 258 2134 1
285 2103 367 2136 Cor.
393 2106 447 2140 ll,
474 2105 528 2134 31.
549 2113 575 2133 s.
627 2102 665 2142 2)
692 2101 876 2135 Videntur
904 2102 990 2135 haec
1014 2103 1126 2135 verba
1151 2102 1443 2134 adversariorum

139 2160 238 2185 esse,
273 2160 421 2190 quorum
448 2149 593 2181 nomina
611 2148 763 2190 August.
787 2147 881 2181 solet
906 2151 1089 2181 omittere.
1141 2148 1199 2181 Cf.
1228 2148 1270 2180 ile
1298 2149 1364 2180 civ.
1385 2147 1443 2179 (lei

140 2198 194 2234 21,
215 2197 265 2227 17.
285 2207 330 2227 ss.
