1503 2465
221 93 302 133 DE
333 89 636 132 DOCTRINA
670 89 900 130 CHRIST.
959 89 1072 129 LlR.
1103 88 1178 129 ΙΙΙ.
1300 86 1352 127 93

49 186 229 232 nuptam
249 177 468 230 virginem
489 188 634 223 suam,
667 179 891 226 tamquam
909 173 1144 226 figuratam
1164 171 1355 211 locutio-

50 248 150 275 nem
176 238 365 274 conetur
386 231 698 284 interpretari,
730 241 816 282 qua
840 229 1006 269 dictum
1033 231 1174 279 est¹):
1212 225 1357 267 Trade

38 290 203 346 filiam,
231 295 273 328 et
291 287 462 341 grande
487 299 591 339 opus
614 283 870 339 perfeceris.
932 284 1029 324 Erit
1052 285 1193 338 igitur
1219 283 1357 322 etiam

53 347 137 387 hoc
169 347 213 384 in
251 343 645 384 observationibus
679 340 1075 393 intelligendarum
1115 339 1358 391 scriptura-

52 415 168 450 rum,
196 407 245 439 ut
269 399 462 439 sciamus
487 397 577 436 alia
603 396 808 436 omnibus
829 396 1124 435 communiter
1143 394 1357 448 praecipi,

53 458 143 498 alia
174 455 364 509 singulis
399 454 650 508 quibusque
684 451 926 505 generibus
962 463 1277 505 personarum,
1310 454 1359 489 ut

53 527 141 553 non
175 511 321 551 solum
354 510 410 549 ad
441 510 697 549 universum
738 513 902 547 statum
940 507 1232 555 valetudinis,
1278 505 1360 545 sed

54 569 190 609 etiam
210 568 264 607 ad
285 578 409 606 suam
429 565 646 616 cuiusque
663 563 850 603 membri
874 563 1100 616 propriam
1126 562 1360 602 infirmita-

52 631 142 664 tem
161 622 384 663 medicina
401 620 691 674 pertineat.2)
751 619 798 658 In
818 631 899 657 suo
920 621 1082 672 quippe
1102 630 1268 672 genere
1286 630 1359 657 cu-

55 680 239 720 randum
260 683 343 727 est,
370 677 488 731 quod
509 676 564 716 ad
582 675 742 715 melius
763 686 904 727 genus
923 687 1009 714 non
1028 679 1182 727 potest
1200 673 1330 726 erigi.

110 736 156 775 C.
175 733 337 774 XVlll.
398 732 506 772 Item
533 730 778 771 cavendum
805 736 894 777 est,
924 742 978 769 ne
1004 729 1144 779 forte,
1170 729 1289 783 quod
1313 729 1360 768 in

54 791 289 843 scripturis
313 788 541 829 veteribus
570 799 648 840 pro
667 786 848 826 illorum
867 791 1119 838 temporum
1138 785 1361 825 conditio-

54 860 124 897 ne,
141 845 315 886 etiamsi
337 857 424 884 non
444 844 650 896 figurate,
666 841 747 882 sed
763 842 943 895 proprie
958 841 1255 895 intelligatur,
1272 854 1362 881 non

56 908 125 943 est
153 901 375 955 flagitium
399 910 543 952 neque
568 897 764 946 facinus,
800 897 854 936 ad
882 897 971 937 ista
998 898 1132 937 etiam
1155 903 1364 949 tempora

56 960 155 1011 quis
179 961 307 1010 putet
335 956 381 995 in
404 967 532 994 usum
553 954 673 993 vitae
693 965 827 1006 posse
845 951 1101 993 transferri:
1134 953 1254 1005 quod
1275 952 1364 992 nisi

57 1013 316 1054 dominante
352 1010 596 1063 cupiditate
625 1016 671 1049 et
699 1010 894 1061 ipsarum
923 1021 1101 1062 quoque
1120 1009 1362 1062 scriptura-

55 1083 167 1117 rum,
188 1069 348 1121 quibus
368 1065 609 1106 evertenda
628 1072 712 1113 est,
731 1065 994 1104 satellitium
1009 1071 1254 1117 quaerente
1274 1077 1363 1103 non

55 1125 211 1166 facien
269 1122 362 1162 Nec
385 1121 602 1174 intelligit
626 1123 783 1169 miser,
809 1121 865 1160 ad
890 1118 1002 1160 hane
1021 1121 1263 1160 utilitatem
1283 1119 1365 1159 illa

57 1184 122 1221 sic
144 1191 244 1220 esse
261 1180 430 1231 posita,
461 1184 510 1216 ut
528 1177 621 1230 spei
640 1177 787 1216 bonae
807 1175 1011 1216 homines
1037 1177 1279 1216 salubriter
1301 1175 1363 1213 vi·

58 1238 208 1284 deant,
229 1242 272 1274 et
287 1232 658 1273 consuetudinem
675 1245 803 1285 quam
823 1232 1209 1284 adspernabantur
1227 1242 1362 1284 posse

58 1293 224 1333 habere
243 1304 369 1330 usum
388 1289 574 1337 bonum,
597 1294 641 1327 et
661 1301 756 1327 eam
776 1300 906 1340 quam
925 1288 1236 1341 amplexantur
1260 1297 1361 1327 esse

57 1359 193 1403 posse
213 1345 536 1393 damnabilem,
567 1345 602 1383 si
625 1349 669 1383 et
688 1344 748 1383 ibi
769 1344 934 1383 caritas
955 1344 1194 1392 utentium,
1230 1349 1274 1382 et
1291 1342 1363 1381 hic

60 1403 282 1457 cupiditas
302 1400 583 1441 adtendatur.
643 1398 752 1438 Nam
773 1400 807 1438 si
831 1399 981 1439 multis
1000 1399 1215 1438 uxoribus
1239 1404 1363 1438 caste

60 1462 124 1500 uti
153 1460 385 1511 quisquam
415 1469 494 1508 pro
520 1462 723 1508 tempore
750 1455 914 1506 potuit,
946 1459 1099 1506 potest
1131 1455 1245 1494 alius
1278 1465 1366 1493 una

60 1515 319 1556 libidinose.
366 1512 514 1565 Magis
535 1511 651 1550 enim
672 1511 813 1562 probo
828 1510 1066 1550 multarum
1085 1509 1364 1550 fecunditate

62 1577 260 1611 utentem
282 1575 464 1622 propter
487 1567 629 1615 aliud,
667 1578 795 1619 quam
824 1568 955 1605 unius
983 1578 1115 1605 carne
1142 1566 1366 1605 fruentem

62 1632 246 1681 propter
272 1627 428 1677 ipsam.
488 1623 554 1661 lbi
584 1624 700 1662 enim
730 1622 961 1674 quaeritur
988 1622 1161 1661 utilitas
1196 1628 1366 1674 tempo-

62 1696 159 1723 rum
180 1678 589 1735 opportunitatibus
610 1690 822 1731 congrua,
844 1676 916 1717 hic
936 1679 1125 1717 satiatur
1144 1678 1367 1730 cupiditas

62 1737 388 1790 temporalibus
414 1734 721 1786 voluptatibus
739 1733 982 1786 implicata.
1042 1732 1367 1786 Inferiorisque

64 1794 230 1846 gradus
250 1793 304 1832 ad
322 1792 465 1830 Deum
485 1795 601 1836 sunt,
625 1789 784 1840 quibus
805 1788 1048 1828 secundum
1069 1789 1243 1828 veniam
1264 1801 1366 1827 con-

66 1845 187 1890 cedit
213 1845 500 1901 apostolusss)
520 1844 744 1884 carnalem
770 1857 866 1884 cum
889 1845 1081 1898 singulis
1101 1844 1368 1897 coniugibus

66 1904 436 1945 consuetudinem
451 1907 634 1954 propter
648 1900 1037 1953 intemperantiam
1056 1912 1224 1948 eorum,
1240 1911 1370 1952 quam

65 1961 132 2000 illi
154 1960 227 2012 qui
244 1959 396 2012 plures
425 1955 591 2009 singuli
614 1968 745 2008 quum
770 1954 1010 2005 haberent,
1047 1957 1164 1995 sicut
1189 1956 1368 2008 sapiens

65 2017 112 2055 in
132 2016 232 2055 cibo
253 2020 297 2055 et
314 2021 423 2067 potu
441 2026 529 2052 non
548 2011 634 2051 nisi
654 2011 844 2052 salutem
862 2012 1090 2065 corporis,
1115 2012 1180 2051 sic
1203 2011 1248 2050 in
1267 2022 1369 2051 eon-

117 2145 151 2181 l)
171 2139 284 2172 Sirac.
298 2141 393 2172 225.
421 2142 457 2180 2)
475 2139 561 2172 les.
583 2142 623 2172 12
641 2138 729 2171 Ben.
749 2143 786 2171 et
804 2142 822 2173 3
835 2139 937 2182 Lips.
953 2164 958 2170 .
973 2139 1178 2184 perveniat.
1206 2141 1243 2181 3)
1259 2142 1271 2170 l
1287 2138 1369 2170 Cor.

68 2188 100 2225 ἵ,
124 2192 134 2220 1
167 2198 213 2219 ss.
