1503 2465
224 58 304 99 DE
335 55 640 98 DOCTRINA
671 55 901 96 CHRIST.
962 54 1074 94 LIB.
1108 52 1183 94 IV.
1278 52 1355 92 165

53 148 178 193 cunt,
209 145 314 197 quia
331 148 376 183 et
394 142 516 181 Deus
535 141 735 193 ipsorum
756 145 844 188 est,
881 139 1006 179 cuius
1026 142 1127 178 sunt
1145 137 1224 176 illa
1242 149 1354 189 qut-xe

51 199 225 248 dicunt,
262 205 307 239 et
329 211 383 239 ea
406 210 487 236 suu
510 196 702 240 faciunt,
740 207 852 248 quae
871 208 959 234 nou
978 196 1062 248 ipsi
1084 205 1355 246 componere

49 260 307 309 potuerunt,
335 253 408 307 qui
429 252 673 292 secundum
692 252 772 291 illa
790 251 1040 304 composite
1060 251 1228 288 vivunt.

107 310 153 349 C.
175 310 317 349 XXX.
352 309 454 349 Sive
475 314 621 348 autem
641 306 759 359 apud
778 307 989 360 populum
1005 306 1077 346 vel
1093 305 1207 358 apud
1223 316 1355 357 quos-

50 365 162 405 libet
184 366 451 417 iamiamque
473 364 697 412 dicturus,
733 363 827 402 sive
854 363 974 415 quod
999 362 1115 415 apud
1142 360 1356 414 populum

50 421 308 470 dicendum,
335 421 407 459 vel
432 419 485 458 ab
512 420 577 458 eis
604 420 680 471 qui
701 419 928 457 voluerint
952 423 1028 457 aut
1046 415 1355 470 potuerintle-

50 477 243 530 gendum
271 482 339 516 est
357 476 627 522 dictaturus,
652 480 772 513 oret
799 480 857 514 ut
878 473 1022 513 Deus
1056 484 1355 513 sermonem

46 532 237 573 bonum
272 532 362 572 det
399 532 451 570 in
488 544 543 569 os
578 531 706 569 eius.
783 529 831 570 Si
865 532 981 569 enim
1015 530 1174 582 regina
1207 528 1353 567 oravit

47 587 232 638 Esther,
269 599 348 641 pro
377 598 483 626 suae
508 586 655 639 gentis
678 586 953 637 temporaria
976 585 1120 625 salute
1146 585 1354 623 locutura

47 644 165 698 apud
184 656 354 698 regem,
377 642 486 682 utin
508 655 558 681 os
579 643 674 681 eius
694 641 816 680 Deus
836 653 1084 694 congruum
1102 651 1355 680 sermonem

49 701 256 750 da1·et¹)‚
299 704 496 752 quanto
528 697 698 750 magis
736 709 896 736 orare
930 697 1110 745 debet,
1156 702 1210 735 ut
1243 695 1352 735 tale

47 769 235 797 munus
274 756 534 807 accipiat,
574 753 661 806 qui
696 765 788 806 pro
822 758 1046 792 aeterna
1082 751 1143 791 ho
1159 752 1354 791 minum

49 812 228 852 salute
257 811 307 850 in
337 810 502 849 verbo
531 814 581 848 et
604 809 858 848 doctrina
884 808 1123 848 laborat!
1156 808 1224 846 llli
1244 819 1352 846 vero

49 868 126 921 qui
145 879 199 906 ea
213 866 378 906 dicturi
396 871 511 913 sunt,
529 877 643 917 quae
662 865 716 904 ab
737 864 839 904 aliis
859 871 1147 917 acceperuut,
1170 870 1213 903 et
1231 870 1354 902 ante-

49 935 181 976 quam
202 923 439 975 accipiant,
466 926 596 960 orent
614 933 694 973 pro
715 921 795 969 eis,
816 933 841 960 a
861 921 1020 973 quibus
1041 921 1287 972 accipiunt,
1307 923 1356 958 ut

49 980 116 1019 eis
137 979 281 1028 detur,
312 977 432 1030 quod
452 989 530 1029 per
548 988 627 1016 eos
648 976 852 1028 accipere
871 976 1041 1024 volunt,
1069 982 1113 1015 et
1132 988 1262 1029 quum
1283 987 1350 1013 ac-

50 1034 274 1087 ceperint,
312 1038 461 1081 orent,
498 1038 544 1072 ut
561 1033 675 1071 bene
692 1038 736 1071 et
754 1033 839 1085 ipsi
857 1031 1110 1085 proferant,
1146 1037 1190 1070 et
1208 1031 1273 1070 illi
1299 1029 1356 1069 ad

50 1104 164 1144 quos
182 1088 419 1142 proferunt
437 1094 628 1138 sumautg
663 1093 707 1127 et
728 1087 782 1127 de
811 1099 1028 1140 prospero
1053 1088 1175 1126 exitu
1196 1086 1355 1126 dictio-

48 1148 118 1186 nis
138 1145 282 1185 eidem
303 1145 472 1198 gratias
493 1149 675 1196 agaut,a
690 1157 776 1195 quo
796 1145 840 1184 id
861 1155 907 1183 se
927 1145 1155 1196 accepisse
1175 1155 1263 1181 nou
1279 1142 1356 1180 du-

48 1201 214 1250 bitant,
243 1206 289 1240 ut
308 1201 381 1253 qui
401 1200 623 1253 gloriatur
640 1201 684 1238 iu
699 1201 779 1239 illo
799 1200 1039 1252 glorietur,
1060 1199 1104 1238 in
1124 1200 1249 1238 cuius
1268 1209 1356 1237 ma-

49 1271 106 1297 nu
127 1262 230 1296 sunt
249 1262 292 1295 et
312 1268 392 1295 nos
413 1262 457 1294 et
476 1267 706 1294 sermones
727 1255 881 1294 nostri.
899 1256 939 1304 2)

106 1312 153 1353 C.
172 1311 338 1351 XXXI.
380 1310 585 1363 Longior
603 1311 745 1350 evasit
765 1311 878 1349 liber
896 1309 982 1359 hic,
1003 1322 1132 1362 quam
1150 1308 1359 1348 volebam

52 1380 272 1421 quamque
299 1372 572 1420 putaveram.
635 1366 721 1406 Sed
744 1366 914 1419 legenti
933 1367 1005 1405 vel
1023 1365 1246 1413 audienti,
1283 1366 1357 1404 cui

51 1431 205 1477 gratus
234 1428 322 1472 est,
358 1423 518 1475 longus
544 1435 632 1462 non
660 1428 742 1461 est.
804 1422 883 1460 Cui
914 1428 1063 1461 autem
1088 1421 1249 1473 longus
1270 1428 1354 1469 est,

50 1492 130 1533 pel·
161 1486 312 1532 partes
347 1491 446 1518 eum
480 1479 626 1531 legat,
670 1478 746 1530 qui
779 1475 945 1517 habere
978 1477 1073 1516 vult
1108 1476 1352 1529 cognitum.

52 1535 193 1582 Quem
229 1547 334 1574 vero
371 1534 646 1587 cognitionis
681 1534 778 1572 eius
806 1533 954 1587 piget,
989 1534 1043 1572 de
1068 1532 1353 1584 longitudine

47 1605 134 1630 non
164 1597 391 1644 queratur.
450 1590 548 1642 Ego
573 1596 721 1628 tamen
746 1588 844 1628 Deo
872 1594 1029 1627 nostro
1057 1590 1225 1641 gratias
1250 1600 1351 1639 ago,

46 1648 167 1699 quod
184 1649 228 1686 in
249 1645 316 1686 his
336 1651 528 1699 quatuor
547 1645 687 1692 libris,
710 1658 798 1683 non
818 1644 961 1696 qualis
981 1657 1065 1696 ego
1088 1656 1230 1682 essem
1245 1673 1254 1689 ,
1280 1644 1352 1681 cui

44 1703 186 1743 multa
205 1702 380 1751 desunt,
402 1701 481 1740 scd
501 1701 644 1753 qualis
666 1712 765 1739 esse
786 1700 962 1748 debeat,
990 1700 1125 1752 quiin
1147 1699 1353 1737 doctrina

46 1771 174 1807 sana,
208 1758 252 1797 id
272 1763 360 1805 est,
399 1755 673 1804 Christiana,
706 1768 794 1794 nou
813 1756 956 1795 solum
975 1756 1081 1803 sibi,
1115 1755 1195 1794 sed
1215 1755 1351 1793 etiam

45 1815 148 1854 aliis
176 1814 384 1853 laborare
409 1812 585 1862 studet,
621 1811 1025 1865 quantulacumque
1051 1811 1178 1863 potui
1209 1804 1349 1849 fficul-

45 1877 160 1919 tate,
193 1868 401 1909 disserui.

95 2001 130 2044 l)
153 2001 211 2034 Cf.
224 2001 371 2040 Esth.4‚
394 2004 444 2034 16.
463 2013 507 2034 ss.
527 2001 620 2043 apud
638 1999 772 2039 LXX„
791 2001 852 2034 ubi
873 2000 976 2033 haec:
995 1999 1049 2036 δὸς
1064 1997 1164 2037 λόγον
1177 1994 1350 2036 εὔρυθμον

47 2046 90 2084 εἷς
106 2047 140 2078 τὰ
158 2047 266 2084 στόμα
282 2058 348 2085 μου
364 2053 432 2082 etc.
480 2053 516 2090 2)
538 2048 593 2080 (jf.
612 2048 697 2090 Sap.
718 2050 747 2085 Ἰ,
771 2051 823 2080 16.

480 2153 901 2170 *ψ
