1503 2465
139 112 217 152 178
495 114 733 155 AURELII
763 113 1082 155 AUGUSTINI

137 197 307 236 coitum
329 197 604 246 veniremus,
640 198 925 252 cognitisque
949 198 1125 237 insidiis
1150 198 1330 237 illorum
1358 210 1441 238 nos

138 253 469 305 gratularemur
493 265 690 301 errasse,
721 260 854 306 atque
878 253 981 292 inde
1010 254 1179 306 gratias
1205 266 1440 306 ageremus

136 307 252 346 Deo.
316 308 426 355 Quis
453 321 560 360 ergo
588 309 807 348 viatorem
833 309 898 348 sie
929 315 1151 348 errantem
1175 309 1239 347 sie
1266 323 1352 347 non
1373 321 1439 348 er-

137 363 257 402 ranti
289 362 455 403 latroni
488 376 765 417 praeponere
801 363 1102 404 dubitaverit}
1153 364 1209 403 Et
1243 363 1440 403 fortasse

138 418 243 457 ideo
270 419 386 470 apud
410 419 535 458 illum
560 432 777 458 summum
802 421 1034 472 poetaml)
1056 420 1244 472 loquens
1263 419 1443 471 quidam

138 476 278 512 miser
310 480 504 513 amator:
544 475 645 522 „Ut
677 475 791 523 vidi,
826 475 995 528 inquit,
1035 481 1084 514 ut
1112 476 1250 528 perii,
1295 480 1341 513 ut
1374 487 1442 514 me

137 529 282 568 malus
314 529 500 569 abstulit
525 530 710 570 error!“
744 530 954 582 quoniam
979 536 1047 569 est
1066 537 1110 570 et
1132 543 1258 569 error
1282 531 1443 580 bonus,

140 586 213 637 qui
240 597 328 623 non
356 585 501 624 solum
525 584 636 625 nihil
663 585 804 634 obsit,
840 598 990 625 verum
1023 588 1157 625 etiam
1189 587 1333 638 prosit
1365 586 1444 625 ali-

141 639 262 692 quid.
306 639 395 679 Sed
416 640 678 693 diligentius
697 641 986 680 considerata
1002 641 1206 689 veritate,
1229 654 1361 693 quum
1381 642 1444 680 ni-

139 693 205 733 hil
222 695 281 734 sit
298 695 418 734 aliud
439 708 634 746 errare,
652 709 781 749 quain
797 709 949 736 verum
967 703 1124 750 putare
1144 697 1261 749 quod
1281 696 1444 736 falsum

141 757 232 799 est,
268 750 518 804 falsumque
539 752 659 804 quod
682 765 835 791 verum
861 759 949 800 est,
984 753 1056 792 vel
1083 760 1251 791 eertum
1277 751 1442 792 habere

138 818 218 858 pro
238 806 428 855 incerto,
457 807 731 846 incertumve
752 820 830 859 pro
852 814 997 857 certo,
1025 809 1119 847 sive
1138 807 1317 856 falsum,
1347 811 1442 847 sive

141 861 201 900 sit
224 873 395 910 verum,
431 862 565 914 idque
589 869 677 901 tam
698 864 757 902 sit
773 863 815 901 in
835 864 983 902 animo
1004 863 1205 903 deforme
1227 870 1359 916 atque
1377 864 1443 901 in-

143 916 322 965 decens,
337 929 467 970 quam
481 917 713 969 pulchrum
731 931 781 957 ac
791 918 1001 958 decorum
1014 932 1113 958 esse
1129 919 1360 967 sentimus,
1373 918 1444 957 vel

138 973 184 1011 in
202 972 444 1024 loquendo,
466 973 565 1011 iel
556 987 597 1012 in
621 974 936 1013 adsentiendo:
972 981 1040 1013 est
1058 981 1140 1021 (st,
1171 988 1257 1013 non
1277 975 1441 1023 non2);

138 1028 347 1080 profecto
368 1036 412 1069 et
432 1028 486 1066 ob
506 1026 619 1068 hoe
610 1042 752 1081 ipsum
773 1035 841 1069 est
859 1031 934 1069 vit
925 1044 949 1069 ι
967 1031 1054 1069 ista
1072 1030 1249 1078 misera,
1278 1042 1364 1082 qua
1380 1031 1442 1069 xi-

139 1083 297 1132 vimus,
321 1084 440 1135 quod
459 1084 499 1122 ei
520 1098 862 1137 nonnumquam,
883 1092 931 1124 ut
950 1100 1034 1124 non
1052 1088 1295 1134 amittatui,
1316 1098 1387 1124 err
1392 1097 1444 1124 or

141 1144 211 1178 est
232 1140 531 1178 necessaiffius
590 1140 716 1179 Absit
745 1146 792 1179 ut
817 1140 921 1179 talis
949 1144 1007 1180 sit
1032 1141 1110 1180 illa
1134 1141 1246 1189 vita,
1281 1141 1352 1180 ubi
1374 1146 1444 1180 est

140 1195 314 1234 animae
335 1202 514 1234 nostrae
532 1197 630 1248 ipsa
647 1197 814 1235 veritas
831 1197 935 1244 vita,
956 1196 1032 1235 ubi
1051 1209 1179 1236 nemo
1199 1196 1332 1245 fallit,
1360 1196 1443 1236 fal-

139 1249 248 1289 litur
282 1262 427 1289 nemo.
486 1252 585 1291 Hie
620 1257 795 1290 autem
831 1250 1070 1291 homines
1104 1251 1323 1300 fallunt,
1362 1259 1441 1291 at-

142 1317 239 1357 que
280 1304 561 1353 falluntur,
613 1308 1038 1360 miserioresque
1091 1313 1229 1357 sunt,
1289 1321 1443 1360 quum

140 1361 453 1400 mentiendo
488 1362 713 1411 fallunt,
762 1375 907 1415 quam
946 1375 1098 1414 quum
1136 1363 1440 1403 mentienti-

140 1416 235 1456 bus
261 1417 526 1457 credendo
554 1417 836 1457 falluntur.
895 1418 1044 1470 Usque
1073 1418 1186 1457 adeo
1206 1424 1355 1457 tamen
1374 1431 1441 1458 ra-

139 1472 326 1511 tionalis
348 1478 474 1512 natur
479 1486 504 1512 a
519 1473 649 1526 refug
635 1473 687 1512 it
706 1472 972 1521 falsitatem
999 1480 1042 1512 (t
1059 1480 1270 1538 quantum
1290 1479 1442 1526 potest

143 1527 313 1567 dexitat
348 1540 566 1576 erroiem‚
616 1534 665 1568 ut
698 1528 795 1568 falli
833 1529 977 1568 nolint
1009 1530 1141 1568 etiam
1175 1531 1440 1583 quicumque

142 1588 292 1621 amant
309 1581 481 1623 fallere.
542 1583 642 1623 Non
662 1586 777 1623 enim
797 1584 898 1632 sibi,
918 1585 991 1637 qui
1011 1585 1236 1633 mentitur,
1262 1585 1442 1625 videtur

142 1650 308 1686 errare,
330 1638 409 1678 sed
429 1639 590 1679 alium
583 1653 626 1678 in
648 1652 847 1679 errorem
866 1641 1043 1679 mittere
1062 1640 1318 1679 credentem
1339 1641 1440 1680 sibi.

140 1694 198 1733 Et
216 1693 262 1732 in
281 1705 334 1732 ea
354 1695 531 1746 quidem
556 1708 603 1734 re
629 1709 715 1734 non
743 1702 882 1743 errat,
919 1708 1049 1748 quam
1075 1695 1308 1734 mendacio
1337 1709 1440 1736 con-

139 1749 277 1801 tegit,
298 1751 334 1788 si
355 1752 479 1789 novit
496 1752 592 1802 ipse
607 1781 615 1796 ,
644 1751 749 1803 quid
768 1763 920 1790 verum
940 1751 1018 1800 sit,
1051 1751 1131 1790 sed
1152 1751 1195 1789 in
1217 1749 1303 1791 hoc
1323 1750 1440 1790 falli-

139 1811 233 1851 tur,
270 1804 389 1856 quod
413 1812 540 1856 putat
563 1806 650 1845 sibi
673 1819 800 1846 suum
827 1819 913 1845 non
951 1806 1112 1845 obesse
1145 1807 1440 1855 mendacium,

143 1872 276 1912 quum
296 1861 438 1913 magis
457 1860 663 1910 facienti,
691 1874 820 1915 quam
844 1862 1033 1914 patienti
1055 1861 1175 1901 obsit
1194 1874 1322 1902 omne
1342 1874 1441 1915 pee-

142 1920 302 1954 catum.

198 1971 244 2009 C.
268 1969 426 2010 lell.
485 1971 650 2011 Verum
681 1971 751 2012 hic
780 1972 1042 2011 difficillima
1067 1977 1111 2010 et
1139 1971 1444 2011 latebrosissi-

141 2038 211 2065 ma
234 2027 433 2079 gignitur
457 2028 685 2079 quaestio,
723 2027 776 2066 de
804 2040 891 2079 qua
914 2028 999 2066 iam
1027 2027 1238 2080 grandem
1262 2027 1442 2076 librum,

142 2094 274 2132 quum
298 2083 600 2133 respondendi
630 2083 877 2122 necessitas
903 2096 985 2122 nos
1015 2088 1218 2135 urgeret,
1250 2081 1443 2122 absolvi-

193 2205 226 2243 l)
246 2202 350 2243 Virg.
393 2202 472 2236 Ecl.
492 2207 522 2242 8,
541 2207 594 2236 41.
643 2203 680 2247 2)
702 2204 757 2236 Cf.
777 2204 867 2237 Mat.
884 2206 916 2243 5,
934 2205 989 2236 37,
