1503 2465
115 66 196 107 216
473 63 708 105 AURELII
737 61 1056 103 AUGUSTINI

118 152 203 204 cipi
227 154 415 204 possunt
432 161 579 188 rerum
600 147 920 195 saecularium,
951 146 1150 199 quamvis
1175 145 1299 185 licite
1321 158 1420 185 con-

120 220 362 254 cessarum,
395 206 509 245 tales
531 204 816 256 cupiditates,
845 208 893 241 ut
912 203 1057 241 amitti
1078 204 1172 242 sine
1193 203 1325 240 aninii
1349 201 1421 239 do-

119 262 217 302 lore
248 274 334 301 non
368 262 557 314 possint.
620 259 762 307 Quum
789 263 938 297 autem
966 258 1052 296 iste
1078 257 1210 296 dolor
1241 257 1354 304 urit,
1384 255 1420 295 si

123 316 326 356 Clu-istus
352 317 397 354 in
422 316 558 355 corde.
583 313 861 353 fundamenti
894 312 1027 352 habet
1059 313 1226 360 locum,
1263 312 1307 350 id
1342 317 1421 359 est,

119 380 170 412 ut
196 373 236 412 oi
267 371 379 411 nihil
403 375 721 423 anteponatur,
756 375 800 408 et
825 369 952 408 malit
972 367 1127 416 homo,
1158 368 1229 421 qui
1251 367 1328 406 tali
1347 368 1424 406 do-

119 429 217 468 lore
237 428 393 475 uritur,
413 428 547 466 rebus
567 438 675 477 quas
696 425 759 464 ita
780 424 929 477 diligit
946 424 1089 477 magis
1109 436 1278 471 carere,
1296 435 1424 475 quam

122 483 323 532 Christo,
350 495 430 535 per
452 483 602 534 ignem
630 481 689 519 sit
713 480 877 519 salvus.
940 480 985 519 si
1012 485 1159 518 autem
1185 491 1257 517 res
1279 477 1424 516 huius-

120 539 242 579 modi
272 538 544 590 temporales
572 549 623 575 ac
647 535 905 575 saeculares
934 540 1137 586 tempore
1162 534 1424 573 tentationis

119 594 331 635 maluerit
350 600 520 641 tenere,
543 605 672 645 quam
693 590 934 639 Christum,
956 603 1052 629 eum
1072 591 1115 628 in
1136 589 1423 629 fundamento

119 663 207 691 non
238 649 413 699 habuit3
446 650 550 701 quia
576 646 687 686 haec
708 647 859 699 priore
884 646 986 685 loco
1014 644 1188 693 habuit,
1225 657 1355 698 quum
1380 643 1424 681 in

120 706 330 746 aedificio
363 706 485 758 prius
522 717 608 742 non
643 704 701 742 sit
732 702 900 753 aliquid
937 700 1244 740 fundamento.
1305 699 1425 751 ignis

120 762 252 810 enim,
267 761 418 813 dequo
431 772 483 799 eo
504 759 605 798 loco
621 763 690 797 est
708 758 887 797 locutus
907 757 1154 809 apostolus,
1176 756 1278 795 talis
1292 755 1427 794 debet

118 817 340 869 intelligi,
371 823 416 855 ut
434 815 562 854 ambo
584 826 663 866 per
682 826 780 852 eum
806 818 1058 861 transeant,
1087 812 1131 850 id
1160 818 1250 860 est,
1284 818 1327 849 et
1352 811 1425 862 qui

121 873 332 912 aedificat
351 884 484 924 super
504 869 590 908 hoo
609 869 945 908 fundamentum
975 881 1149 915 aurum,
1176 874 1425 918 argentum,

119 928 294 980 lapides
320 929 567 980 pretiosos,
595 932 638 964 et
666 926 739 977 qui
767 924 978 963 aedificat
1004 923 1147 976 ligna,
1176 921 1357 961 foenum
1383 925 1426 960 et

119 984 344 1036 stipulam.
422 982 567 1029 Quum
609 981 724 1019 enim
769 978 854 1018 hoo
889 979 1100 1026 dixisset,
1146 977 1349 1016 adiunxit
1367 979 1424 1026 ¹):

126 1037 260 1077 Unius
279 1037 480 1090 cuiusque
500 1049 602 1088 opus
624 1035 747 1088 quale
766 1034 835 1083 sit,
854 1034 968 1087 ignis
982 1033 1199 1086 probabit.
1244 1032 1292 1071 Si
1308 1031 1426 1072 cuius

121 1107 223 1146 opas
236 1091 539 1147 permanserit,
564 1091 677 1144 quod
693 1089 1082 1143 superaedificavit,
1105 1089 1336 1127 mercedem
1354 1100 1423 1126 ac-

119 1149 272 1202 cipiet:
308 1148 344 1188 si
371 1147 489 1188 cuius
515 1159 617 1199 opus
645 1152 787 1185 autem
812 1153 1005 1185 exustam,
1023 1144 1191 1199 fuerit,
1227 1144 1426 1182 cimanum

112 1205 340 1261 parietum
369 1203 457 1256 ipse
483 1210 625 1242 autem
651 1203 788 1240 salvus
816 1200 916 1249 erit,
949 1200 1010 1239 sic
1036 1208 1177 1239 tannen
1204 1198 1327 1252 qnasi
1343 1211 1426 1251 per

117 1260 278 1314 ignem.
339 1259 439 1299 Non
466 1270 575 1311 ergo
596 1258 725 1296 unius
748 1270 899 1296 eorum
917 1287 927 1305 ‚
954 1255 1031 1295 sed
1056 1256 1286 1308 utriusque
1313 1266 1426 1306 opus

118 1317 238 1369 ignis
270 1315 496 1369 probabit.
557 1313 636 1352 Est
669 1313 845 1365 quidam
881 1313 998 1364 ignis
1022 1311 1214 1350 tentatio
1241 1309 1426 1349 tribula-

119 1374 279 1421 tionis,
315 1372 369 1411 de
398 1382 484 1422 quo
511 1373 664 1421 aperte
691 1368 779 1406 alio
808 1367 909 1407 loco
942 1369 1154 1418 scriptum
1183 1371 1268 1404 est:
1313 1363 1427 1403 I'asa

117 1424 621 1481 fignliprobatfornax,
655 1431 695 1463 et
712 1422 901 1462 homines
919 1421 1052 1461 iustos
1079 1420 1260 1460 tentatio
1288 1419 1421 1458 triba-

119 1482 363 1532 lalionis.²)
424 1481 513 1519 lste
543 1480 662 1532 ignis
690 1479 733 1517 in
760 1477 842 1517 hac
866 1479 1045 1517 interim
1066 1477 1157 1515 vita
1176 1476 1285 1515 facit
1306 1475 1425 1528 quod

120 1538 356 1591 apostolus
397 1536 530 1583 dixit,
570 1535 605 1575 si
651 1534 827 1573 accidat
865 1534 1039 1573 duobus
1075 1532 1305 1579 fidelibus,
1350 1530 1426 1569 uni

122 1594 300 1633 scilieet
329 1591 546 1644 cogitanti
574 1602 686 1642 quae
707 1589 789 1628 Dei
818 1594 940 1637 sunt,
979 1600 1064 1641 quo
1090 1587 1224 1626 modo
1248 1586 1426 1639 placeat

121 1649 301 1699 De(›3),
329 1646 414 1686 hoc
444 1652 534 1694 est,
565 1644 823 1684 aedificanti
852 1656 986 1695 super
1011 1642 1233 1682 Christum
1269 1641 1425 1680 funda-

120 1702 371 1752 mentum&
400 1714 572 1749 aurum,
598 1705 854 1753 argentum,
885 1699 1058 1750 lapides
1085 1698 1332 1750 pretiosos3
1363 1696 1423 1734 al-

120 1760 205 1799 teri
226 1765 374 1798 autem
395 1757 613 1809 cogitanti
635 1769 688 1795 ea
708 1768 820 1807 quae
840 1760 944 1793 sunt
969 1754 1137 1801 mundi,
1175 1766 1261 1805 quo
1289 1751 1423 1790 modo

120 1815 299 1867 placeat
331 1813 484 1859 uxori,
524 1811 567 1850 id
589 1818 678 1859 est,
723 1810 978 1849 aedificanti
1013 1821 1147 1860 super
1179 1808 1296 1847 idem
1329 1806 1425 1845 fun-

123 1871 378 1910 damentum
417 1867 559 1919 ligna,
596 1866 799 1913 foenum,
841 1865 1065 1917 stipulam.
1141 1863 1266 1902 lllius
1309 1862 1425 1901 enim

123 1938 234 1978 opus
267 1938 355 1964 non
389 1922 611 1969 exuritur,
658 1921 761 1974 quia
800 1933 886 1959 non
928 1932 980 1959 ea
1013 1917 1193 1965 dilexit,
1237 1929 1426 1971 quorum

122 1981 367 2020 amissione
401 1977 640 2017 crucietur.
700 1976 915 2015 Exuritur
950 1981 1098 2014 autem
1135 1986 1245 2026 opus
1279 1972 1425 2021 huius,

172 2113 205 2152 Ι)
239 2109 355 2142 [Cor.
380 2111 418 2147 3,
446 2111 498 2142 13.
527 2120 575 2141 ss.
625 2107 797 2150 2)Si1·ac.
822 2111 882 2147 27,
909 2111 939 2141 5.
966 2107 1010 2141 cl.
1030 2111 1067 2147 2,
1088 2111 1118 2139 5.
1169 2106 1206 2148 3)
1229 2105 1285 2138 Cf.
1306 2110 1318 2138 1
1343 2104 1426 2139 Cor.

123 2159 154 2196 7,
174 2161 228 2190 32.
248 2167 275 2188 s.
324 2155 361 2197 4)
379 2155 558 2194 „Quidam
580 2155 683 2187 Mss.:
702 2165 814 2199 super
835 2154 1311 2199 Clariscifundmuentnm.“
1337 2151 1412 2184 Beu
