<?xml version="1.0" encoding="UTF-8"?>
<!DOCTYPE html PUBLIC "-//W3C//DTD XHTML 1.0 Transitional//EN"
    "http://www.w3.org/TR/xhtml1/DTD/xhtml1-transitional.dtd">
<html xmlns="http://www.w3.org/1999/xhtml" xml:lang="en" lang="en">
 <head>
  <title>
</title>
<meta http-equiv="Content-Type" content="text/html;charset=utf-8" />
  <meta name='ocr-system' content='tesseract 3.04.00' />
  <meta name='ocr-capabilities' content='ocr_page ocr_carea ocr_par ocr_line ocrx_word'/>
</head>
<body>
  <div class='ocr_page' id='page_1' title='image "./dedoctrinachrist00augu_0054.png"; bbox 0 0 1503 2465; ppageno 0'>
   <div class='ocr_carea' id='block_1_1' title="bbox 97 128 1033 170">
    <p class='ocr_par' dir='ltr' id='par_1_1' title="bbox 97 128 1033 170">
     <span class='ocr_line' id='line_1_1' title="bbox 97 128 1033 170; baseline 0.003 -3"><span class='ocrx_word' id='word_1_1' title='bbox 97 128 144 167; x_wconf 72' lang='lat'>16</span> <span class='ocrx_word' id='word_1_2' title='bbox 450 129 686 169; x_wconf 76' lang='lat' dir='ltr'>AURELH</span> <span class='ocrx_word' id='word_1_3' title='bbox 716 129 1033 170; x_wconf 69' lang='lat' dir='ltr'><strong>AUGUSTINI</strong></span> 
     </span>
    </p>
   </div>
   <div class='ocr_carea' id='block_1_2' title="bbox 92 213 1393 431">
    <p class='ocr_par' dir='ltr' id='par_1_2' title="bbox 92 213 1393 431">
     <span class='ocr_line' id='line_1_2' title="bbox 93 213 1393 266; baseline 0.002 -15"><span class='ocrx_word' id='word_1_4' title='bbox 93 213 319 259; x_wconf 81' lang='lat' dir='ltr'>crederet,</span> <span class='ocrx_word' id='word_1_5' title='bbox 350 224 435 251; x_wconf 91' lang='lat' dir='ltr'>non</span> <span class='ocrx_word' id='word_1_6' title='bbox 466 214 503 251; x_wconf 84' lang='lat' dir='ltr'>ei</span> <span class='ocrx_word' id='word_1_7' title='bbox 527 214 878 262; x_wconf 79' lang='lat' dir='ltr'>dimitterentur,</span> <span class='ocrx_word' id='word_1_8' title='bbox 912 214 1113 266; x_wconf 83' lang='lat' dir='ltr'>quisquis</span> <span class='ocrx_word' id='word_1_9' title='bbox 1133 220 1280 255; x_wconf 78' lang='lat' dir='ltr'>autem</span> <span class='ocrx_word' id='word_1_10' title='bbox 1301 229 1393 256; x_wconf 83' lang='lat' dir='ltr'>cre-</span> 
     </span>
     <span class='ocr_line' id='line_1_3' title="bbox 93 267 1391 320; baseline 0.002 -13"><span class='ocrx_word' id='word_1_11' title='bbox 93 269 221 307; x_wconf 85' lang='lat' dir='ltr'>deret</span> <span class='ocrx_word' id='word_1_12' title='bbox 249 280 385 320; x_wconf 83' lang='lat' dir='ltr'>seque</span> <span class='ocrx_word' id='word_1_13' title='bbox 410 268 463 306; x_wconf 91' lang='lat' dir='ltr'>ab</span> <span class='ocrx_word' id='word_1_14' title='bbox 490 267 557 307; x_wconf 84' lang='lat' dir='ltr'>his</span> <span class='ocrx_word' id='word_1_15' title='bbox 585 274 816 307; x_wconf 85' lang='lat' dir='ltr'>correctus</span> <span class='ocrx_word' id='word_1_16' title='bbox 841 275 1087 318; x_wconf 79' lang='lat' dir='ltr'>averteret,</span> <span class='ocrx_word' id='word_1_17' title='bbox 1122 271 1165 309; x_wconf 89' lang='lat' dir='ltr'>in</span> <span class='ocrx_word' id='word_1_18' title='bbox 1192 271 1391 310; x_wconf 75' lang='lat' dir='ltr'>eiusdem</span> 
     </span>
     <span class='ocr_line' id='line_1_4' title="bbox 94 323 1391 378; baseline 0.002 -15"><span class='ocrx_word' id='word_1_19' title='bbox 94 323 315 363; x_wconf 79' lang='lat' dir='ltr'>ecclesiae</span> <span class='ocrx_word' id='word_1_20' title='bbox 340 324 511 375; x_wconf 83' lang='lat' dir='ltr'>gremio</span> <span class='ocrx_word' id='word_1_21' title='bbox 540 324 810 363; x_wconf 86' lang='lat' dir='ltr'>constitutus</span> <span class='ocrx_word' id='word_1_22' title='bbox 837 324 992 363; x_wconf 81' lang='lat' dir='ltr'>eadem</span> <span class='ocrx_word' id='word_1_23' title='bbox 1022 324 1107 364; x_wconf 85' lang='lat' dir='ltr'>fide</span> <span class='ocrx_word' id='word_1_24' title='bbox 1138 331 1270 378; x_wconf 87' lang='lat' dir='ltr'>atque</span> <span class='ocrx_word' id='word_1_25' title='bbox 1296 339 1391 365; x_wconf 89' lang='lat' dir='ltr'>cor-</span> 
     </span>
     <span class='ocr_line' id='line_1_5' title="bbox 92 379 1392 431; baseline 0.002 -13"><span class='ocrx_word' id='word_1_26' title='bbox 92 380 294 418; x_wconf 78' lang='lat' dir='ltr'>rectione</span> <span class='ocrx_word' id='word_1_27' title='bbox 332 384 580 419; x_wconf 78' lang='lat' dir='ltr'>sanaretur.</span> <span class='ocrx_word' id='word_1_28' title='bbox 657 379 911 431; x_wconf 72' lang='lat' dir='ltr'>Quisquis</span> <span class='ocrx_word' id='word_1_29' title='bbox 950 381 1086 419; x_wconf 88' lang='lat' dir='ltr'>enim</span> <span class='ocrx_word' id='word_1_30' title='bbox 1127 394 1230 420; x_wconf 88' lang='lat' dir='ltr'>non</span> <span class='ocrx_word' id='word_1_31' title='bbox 1273 393 1392 420; x_wconf 85' lang='lat' dir='ltr'>cre-</span> 
     </span>
    </p>
   </div>
   <div class='ocr_carea' id='block_1_3' title="bbox 93 434 1451 486">
    <p class='ocr_par' dir='ltr' id='par_1_3' title="bbox 93 434 1451 486">
     <span class='ocr_line' id='line_1_6' title="bbox 93 434 1451 486; baseline 0.001 -12"><span class='ocrx_word' id='word_1_32' title='bbox 93 435 195 483; x_wconf 86' lang='lat' dir='ltr'>dit,</span> <span class='ocrx_word' id='word_1_33' title='bbox 246 434 452 473; x_wconf 89' lang='lat' dir='ltr'>dimitti</span> <span class='ocrx_word' id='word_1_34' title='bbox 491 434 596 473; x_wconf 87' lang='lat' dir='ltr'>sibi</span> <span class='ocrx_word' id='word_1_35' title='bbox 637 446 805 486; x_wconf 88' lang='lat' dir='ltr'>posse</span> <span class='ocrx_word' id='word_1_36' title='bbox 843 440 1091 486; x_wconf 80' lang='lat' dir='ltr'>peccata,</span> <span class='ocrx_word' id='word_1_37' title='bbox 1135 435 1202 475; x_wconf 86' lang='lat' dir='ltr'>fit</span> <span class='ocrx_word' id='word_1_38' title='bbox 1241 435 1392 475; x_wconf 86' lang='lat' dir='ltr'>dete·</span> <span class='ocrx_word' id='word_1_39' title='bbox 1448 454 1451 458; x_wconf 82' lang='lat'><em>-</em></span> 
     </span>
    </p>
   </div>
   <div class='ocr_carea' id='block_1_4' title="bbox 87 488 1393 1970">
    <p class='ocr_par' dir='ltr' id='par_1_4' title="bbox 87 488 1393 640">
     <span class='ocr_line' id='line_1_7' title="bbox 90 488 1393 542; baseline 0.001 -14"><span class='ocrx_word' id='word_1_40' title='bbox 90 490 130 528; x_wconf 90' lang='lat' dir='ltr'>ri</span> <span class='ocrx_word' id='word_1_41' title='bbox 144 502 202 528; x_wconf 86' lang='lat' dir='ltr'>or</span> <span class='ocrx_word' id='word_1_42' title='bbox 221 490 245 529; x_wconf 92' lang='lat' dir='ltr'>d</span> <span class='ocrx_word' id='word_1_43' title='bbox 259 501 345 541; x_wconf 82' lang='lat' dir='ltr'>esp</span> <span class='ocrx_word' id='word_1_44' title='bbox 361 489 581 538; x_wconf 82' lang='lat' dir='ltr'>erando,</span> <span class='ocrx_word' id='word_1_45' title='bbox 603 489 728 542; x_wconf 80' lang='lat' dir='ltr'>quasi</span> <span class='ocrx_word' id='word_1_46' title='bbox 751 488 860 527; x_wconf 82' lang='lat' dir='ltr'>nihil</span> <span class='ocrx_word' id='word_1_47' title='bbox 879 489 944 528; x_wconf 91' lang='lat' dir='ltr'>illi</span> <span class='ocrx_word' id='word_1_48' title='bbox 968 490 1141 535; x_wconf 74' lang='lat' dir='ltr'>melius,</span> <span class='ocrx_word' id='word_1_49' title='bbox 1159 503 1285 542; x_wconf 82' lang='lat' dir='ltr'>quam</span> <span class='ocrx_word' id='word_1_50' title='bbox 1304 504 1393 530; x_wconf 85' lang='lat' dir='ltr'>ma-</span> 
     </span>
     <span class='ocr_line' id='line_1_8' title="bbox 90 544 1391 593; baseline 0.002 -9"><span class='ocrx_word' id='word_1_51' title='bbox 90 545 178 584; x_wconf 77' lang='lat' dir='ltr'>lum</span> <span class='ocrx_word' id='word_1_52' title='bbox 200 557 321 589; x_wconf 84' lang='lat' dir='ltr'>esse,</span> <span class='ocrx_word' id='word_1_53' title='bbox 347 550 594 593; x_wconf 81' lang='lat' dir='ltr'>remaneat,</span> <span class='ocrx_word' id='word_1_54' title='bbox 622 545 694 584; x_wconf 88' lang='lat' dir='ltr'>ubi</span> <span class='ocrx_word' id='word_1_55' title='bbox 716 544 769 583; x_wconf 86' lang='lat' dir='ltr'>de</span> <span class='ocrx_word' id='word_1_56' title='bbox 788 544 936 584; x_wconf 84' lang='lat' dir='ltr'>fructu</span> <span class='ocrx_word' id='word_1_57' title='bbox 956 557 1062 584; x_wconf 82' lang='lat' dir='ltr'>suae</span> <span class='ocrx_word' id='word_1_58' title='bbox 1083 548 1391 586; x_wconf 72' lang='lat' dir='ltr'>conversionis</span> 
     </span>
     <span class='ocr_line' id='line_1_9' title="bbox 87 600 355 640; baseline 0.004 -1"><span class='ocrx_word' id='word_1_59' title='bbox 87 600 250 639; x_wconf 85' lang='lat' dir='ltr'>infidus</span> <span class='ocrx_word' id='word_1_60' title='bbox 272 605 355 640; x_wconf 80' lang='lat' dir='ltr'>est.</span> 
     </span>
    </p>

    <p class='ocr_par' dir='ltr' id='par_1_5' title="bbox 88 655 1393 1428">
     <span class='ocr_line' id='line_1_10' title="bbox 145 655 1392 707; baseline 0.003 -14"><span class='ocrx_word' id='word_1_61' title='bbox 145 656 191 693; x_wconf 79' lang='lat' dir='ltr'>C.</span> <span class='ocrx_word' id='word_1_62' title='bbox 214 656 333 694; x_wconf 21' lang='lat' dir='ltr'>xix*</span> <span class='ocrx_word' id='word_1_63' title='bbox 392 655 480 693; x_wconf 83' lang='lat' dir='ltr'>Iam</span> <span class='ocrx_word' id='word_1_64' title='bbox 510 667 616 694; x_wconf 79' lang='lat' dir='ltr'>vero</span> <span class='ocrx_word' id='word_1_65' title='bbox 642 657 758 694; x_wconf 81' lang='lat' dir='ltr'>sicut</span> <span class='ocrx_word' id='word_1_66' title='bbox 782 655 914 694; x_wconf 83' lang='lat' dir='ltr'>animi</span> <span class='ocrx_word' id='word_1_67' title='bbox 936 656 1151 707; x_wconf 80' lang='lat' dir='ltr'>quaedam</span> <span class='ocrx_word' id='word_1_68' title='bbox 1170 669 1290 697; x_wconf 86' lang='lat' dir='ltr'>mors</span> <span class='ocrx_word' id='word_1_69' title='bbox 1310 664 1392 707; x_wconf 80' lang='lat' dir='ltr'>est,</span> 
     </span>
     <span class='ocr_line' id='line_1_11' title="bbox 90 710 1391 763; baseline 0.003 -15"><span class='ocrx_word' id='word_1_70' title='bbox 90 712 205 749; x_wconf 75' lang='lat' dir='ltr'>vitae</span> <span class='ocrx_word' id='word_1_71' title='bbox 226 711 388 763; x_wconf 85' lang='lat' dir='ltr'>prioris</span> <span class='ocrx_word' id='word_1_72' title='bbox 409 722 668 762; x_wconf 83' lang='lat' dir='ltr'>morumque</span> <span class='ocrx_word' id='word_1_73' title='bbox 689 710 882 758; x_wconf 83' lang='lat' dir='ltr'>relictio,</span> <span class='ocrx_word' id='word_1_74' title='bbox 903 723 1013 762; x_wconf 88' lang='lat' dir='ltr'>quae</span> <span class='ocrx_word' id='word_1_75' title='bbox 1035 712 1082 750; x_wconf 76' lang='lat' dir='ltr'>fit</span> <span class='ocrx_word' id='word_1_76' title='bbox 1102 714 1391 763; x_wconf 84' lang='lat' dir='ltr'>poenitendo,</span> 
     </span>
     <span class='ocr_line' id='line_1_12' title="bbox 91 766 1392 818; baseline 0.002 -14"><span class='ocrx_word' id='word_1_77' title='bbox 91 767 154 804; x_wconf 83' lang='lat' dir='ltr'>sic</span> <span class='ocrx_word' id='word_1_78' title='bbox 175 767 306 805; x_wconf 82' lang='lat' dir='ltr'>etiam</span> <span class='ocrx_word' id='word_1_79' title='bbox 329 766 531 817; x_wconf 85' lang='lat' dir='ltr'>corporis</span> <span class='ocrx_word' id='word_1_80' title='bbox 550 778 670 804; x_wconf 86' lang='lat' dir='ltr'>mors</span> <span class='ocrx_word' id='word_1_81' title='bbox 690 771 758 804; x_wconf 84' lang='lat' dir='ltr'>est</span> <span class='ocrx_word' id='word_1_82' title='bbox 776 766 1060 805; x_wconf 77' lang='lat' dir='ltr'>animationis</span> <span class='ocrx_word' id='word_1_83' title='bbox 1086 769 1299 818; x_wconf 70' lang='lat' dir='ltr'>pristinae</span> <span class='ocrx_word' id='word_1_84' title='bbox 1326 781 1392 807; x_wconf 85' lang='lat' dir='ltr'>re-</span> 
     </span>
     <span class='ocr_line' id='line_1_13' title="bbox 91 821 1392 876; baseline 0.003 -17"><span class='ocrx_word' id='word_1_85' title='bbox 91 822 273 862; x_wconf 81' lang='lat' dir='ltr'>solutio.</span> <span class='ocrx_word' id='word_1_86' title='bbox 321 822 374 860; x_wconf 89' lang='lat' dir='ltr'>Et</span> <span class='ocrx_word' id='word_1_87' title='bbox 395 821 620 873; x_wconf 76' lang='lat' dir='ltr'>quomodo</span> <span class='ocrx_word' id='word_1_88' title='bbox 638 823 809 860; x_wconf 81' lang='lat' dir='ltr'>animus</span> <span class='ocrx_word' id='word_1_89' title='bbox 831 827 932 873; x_wconf 83' lang='lat' dir='ltr'>post</span> <span class='ocrx_word' id='word_1_90' title='bbox 950 823 1284 873; x_wconf 85' lang='lat' dir='ltr'>poenitentiam,</span> <span class='ocrx_word' id='word_1_91' title='bbox 1306 836 1392 876; x_wconf 85' lang='lat' dir='ltr'>qua</span> 
     </span>
     <span class='ocr_line' id='line_1_14' title="bbox 88 876 1390 929; baseline 0.002 -13"><span class='ocrx_word' id='word_1_92' title='bbox 88 877 264 929; x_wconf 82' lang='lat' dir='ltr'>priores</span> <span class='ocrx_word' id='word_1_93' title='bbox 284 889 432 916; x_wconf 81' lang='lat' dir='ltr'>mores</span> <span class='ocrx_word' id='word_1_94' title='bbox 452 877 653 929; x_wconf 85' lang='lat' dir='ltr'>perditos</span> <span class='ocrx_word' id='word_1_95' title='bbox 668 877 915 924; x_wconf 81' lang='lat' dir='ltr'>interemit,</span> <span class='ocrx_word' id='word_1_96' title='bbox 949 876 1222 918; x_wconf 84' lang='lat' dir='ltr'>reformatur</span> <span class='ocrx_word' id='word_1_97' title='bbox 1238 880 1283 917; x_wconf 89' lang='lat' dir='ltr'>in</span> <span class='ocrx_word' id='word_1_98' title='bbox 1303 891 1390 918; x_wconf 88' lang='lat' dir='ltr'>me-</span> 
     </span>
     <span class='ocr_line' id='line_1_15' title="bbox 89 932 1391 985; baseline 0.001 -14"><span class='ocrx_word' id='word_1_99' title='bbox 89 933 191 980; x_wconf 87' lang='lat' dir='ltr'>lius,</span> <span class='ocrx_word' id='word_1_100' title='bbox 228 934 292 971; x_wconf 84' lang='lat' dir='ltr'>sic</span> <span class='ocrx_word' id='word_1_101' title='bbox 313 934 445 971; x_wconf 84' lang='lat' dir='ltr'>etiam</span> <span class='ocrx_word' id='word_1_102' title='bbox 467 944 629 984; x_wconf 89' lang='lat' dir='ltr'>corpus</span> <span class='ocrx_word' id='word_1_103' title='bbox 649 937 750 982; x_wconf 81' lang='lat' dir='ltr'>post</span> <span class='ocrx_word' id='word_1_104' title='bbox 768 932 898 970; x_wconf 79' lang='lat' dir='ltr'>istam</span> <span class='ocrx_word' id='word_1_105' title='bbox 919 938 1124 981; x_wconf 86' lang='lat' dir='ltr'>mortem,</span> <span class='ocrx_word' id='word_1_106' title='bbox 1149 945 1277 985; x_wconf 81' lang='lat' dir='ltr'>quam</span> <span class='ocrx_word' id='word_1_107' title='bbox 1298 934 1391 972; x_wconf 73' lang='lat' dir='ltr'>vin-</span> 
     </span>
     <span class='ocr_line' id='line_1_16' title="bbox 90 986 1389 1041; baseline 0 -14"><span class='ocrx_word' id='word_1_108' title='bbox 90 989 191 1027; x_wconf 84' lang='lat' dir='ltr'>culo</span> <span class='ocrx_word' id='word_1_109' title='bbox 212 988 387 1041; x_wconf 84' lang='lat' dir='ltr'>peccati</span> <span class='ocrx_word' id='word_1_110' title='bbox 407 999 559 1026; x_wconf 82' lang='lat' dir='ltr'>omnes</span> <span class='ocrx_word' id='word_1_111' title='bbox 580 987 791 1026; x_wconf 85' lang='lat' dir='ltr'>debemus</span> <span class='ocrx_word' id='word_1_112' title='bbox 806 1015 816 1034; x_wconf 81' lang='lat'>‚</span> <span class='ocrx_word' id='word_1_113' title='bbox 852 986 1119 1026; x_wconf 83' lang='lat' dir='ltr'>credendum</span> <span class='ocrx_word' id='word_1_114' title='bbox 1146 994 1188 1027; x_wconf 83' lang='lat' dir='ltr'>et</span> <span class='ocrx_word' id='word_1_115' title='bbox 1212 1001 1389 1040; x_wconf 83' lang='lat' dir='ltr'>speran-</span> 
     </span>
     <span class='ocr_line' id='line_1_17' title="bbox 90 1042 1387 1093; baseline 0.001 -11"><span class='ocrx_word' id='word_1_116' title='bbox 90 1043 193 1082; x_wconf 85' lang='lat' dir='ltr'>dum</span> <span class='ocrx_word' id='word_1_117' title='bbox 229 1049 297 1082; x_wconf 86' lang='lat' dir='ltr'>est</span> <span class='ocrx_word' id='word_1_118' title='bbox 327 1042 674 1082; x_wconf 86' lang='lat' dir='ltr'>resurrectionis</span> <span class='ocrx_word' id='word_1_119' title='bbox 706 1047 908 1093; x_wconf 85' lang='lat' dir='ltr'>tempore.</span> <span class='ocrx_word' id='word_1_120' title='bbox 938 1043 979 1080; x_wconf 91' lang='lat' dir='ltr'>in</span> <span class='ocrx_word' id='word_1_121' title='bbox 1011 1043 1168 1082; x_wconf 84' lang='lat' dir='ltr'>melius</span> <span class='ocrx_word' id='word_1_122' title='bbox 1196 1056 1387 1083; x_wconf 84' lang='lat' dir='ltr'>commu-</span> 
     </span>
     <span class='ocr_line' id='line_1_18' title="bbox 89 1097 1393 1150; baseline 0.001 -13"><span class='ocrx_word' id='word_1_123' title='bbox 89 1097 196 1147; x_wconf 79' lang='lat' dir='ltr'>tari,</span> <span class='ocrx_word' id='word_1_124' title='bbox 232 1106 280 1137; x_wconf 91' lang='lat' dir='ltr'>ut</span> <span class='ocrx_word' id='word_1_125' title='bbox 305 1111 391 1136; x_wconf 87' lang='lat' dir='ltr'>non</span> <span class='ocrx_word' id='word_1_126' title='bbox 419 1108 523 1137; x_wconf 84' lang='lat' dir='ltr'>caro</span> <span class='ocrx_word' id='word_1_127' title='bbox 555 1102 600 1136; x_wconf 82' lang='lat' dir='ltr'>et</span> <span class='ocrx_word' id='word_1_128' title='bbox 619 1099 801 1149; x_wconf 75' lang='lat' dir='ltr'>sanguis</span> <span class='ocrx_word' id='word_1_129' title='bbox 820 1109 1002 1149; x_wconf 80' lang='lat' dir='ltr'>regnum</span> <span class='ocrx_word' id='word_1_130' title='bbox 1024 1097 1107 1136; x_wconf 82' lang='lat' dir='ltr'>Dei</span> <span class='ocrx_word' id='word_1_131' title='bbox 1128 1099 1393 1150; x_wconf 79' lang='lat' dir='ltr'>possideant</span> 
     </span>
     <span class='ocr_line' id='line_1_19' title="bbox 89 1152 1392 1206; baseline 0 -13"><span class='ocrx_word' id='word_1_132' title='bbox 89 1154 228 1206; x_wconf 71' lang='lat' dir='ltr'>(quod</span> <span class='ocrx_word' id='word_1_133' title='bbox 249 1154 342 1192; x_wconf 85' lang='lat' dir='ltr'>fieri</span> <span class='ocrx_word' id='word_1_134' title='bbox 364 1166 452 1193; x_wconf 86' lang='lat' dir='ltr'>non</span> <span class='ocrx_word' id='word_1_135' title='bbox 477 1155 668 1204; x_wconf 78' lang='lat' dir='ltr'>potest),</span> <span class='ocrx_word' id='word_1_136' title='bbox 701 1152 779 1191; x_wconf 87' lang='lat' dir='ltr'>scd</span> <span class='ocrx_word' id='word_1_137' title='bbox 807 1153 1099 1205; x_wconf 74' lang='lat' dir='ltr'>corruptibile</span> <span class='ocrx_word' id='word_1_138' title='bbox 1126 1153 1211 1193; x_wconf 85' lang='lat' dir='ltr'>hoc</span> <span class='ocrx_word' id='word_1_139' title='bbox 1236 1155 1392 1193; x_wconf 84' lang='lat' dir='ltr'>induat</span> 
     </span>
     <span class='ocr_line' id='line_1_20' title="bbox 88 1206 1390 1262; baseline -0.001 -13"><span class='ocrx_word' id='word_1_140' title='bbox 88 1211 493 1262; x_wconf 56' lang='lat' dir='ltr'>incinruptionem‚</span> <span class='ocrx_word' id='word_1_141' title='bbox 527 1214 571 1247; x_wconf 86' lang='lat' dir='ltr'>et</span> <span class='ocrx_word' id='word_1_142' title='bbox 593 1208 782 1247; x_wconf 81' lang='lat' dir='ltr'>mortale</span> <span class='ocrx_word' id='word_1_143' title='bbox 808 1206 892 1247; x_wconf 86' lang='lat' dir='ltr'>hoc</span> <span class='ocrx_word' id='word_1_144' title='bbox 911 1209 1065 1247; x_wconf 89' lang='lat' dir='ltr'>induat</span> <span class='ocrx_word' id='word_1_145' title='bbox 1083 1209 1390 1248; x_wconf 81' lang='lat' dir='ltr'>immortalita-</span> 
     </span>
     <span class='ocr_line' id='line_1_21' title="bbox 89 1262 1392 1317; baseline 0 -13"><span class='ocrx_word' id='word_1_146' title='bbox 89 1275 181 1304; x_wconf 86' lang='lat' dir='ltr'>tem</span> <span class='ocrx_word' id='word_1_147' title='bbox 197 1267 233 1315; x_wconf 88' lang='lat'>¹)</span> <span class='ocrx_word' id='word_1_148' title='bbox 250 1295 259 1312; x_wconf 89' lang='lat'>‚</span> <span class='ocrx_word' id='word_1_149' title='bbox 301 1264 553 1316; x_wconf 82' lang='lat' dir='ltr'>nullamque</span> <span class='ocrx_word' id='word_1_150' title='bbox 583 1262 751 1302; x_wconf 86' lang='lat' dir='ltr'>faciens</span> <span class='ocrx_word' id='word_1_151' title='bbox 784 1263 1060 1312; x_wconf 81' lang='lat' dir='ltr'>molestiam,</span> <span class='ocrx_word' id='word_1_152' title='bbox 1098 1265 1200 1317; x_wconf 85' lang='lat' dir='ltr'>quia</span> <span class='ocrx_word' id='word_1_153' title='bbox 1226 1265 1392 1304; x_wconf 83' lang='lat' dir='ltr'>nullam</span> 
     </span>
     <span class='ocr_line' id='line_1_22' title="bbox 90 1318 1393 1373; baseline -0.001 -14"><span class='ocrx_word' id='word_1_154' title='bbox 90 1321 286 1373; x_wconf 77' lang='lat' dir='ltr'>patietur</span> <span class='ocrx_word' id='word_1_155' title='bbox 305 1320 613 1372; x_wconf 81' lang='lat' dir='ltr'>indigentiam,</span> <span class='ocrx_word' id='word_1_156' title='bbox 634 1332 659 1357; x_wconf 82' lang='lat' dir='ltr'>a</span> <span class='ocrx_word' id='word_1_157' title='bbox 674 1318 808 1359; x_wconf 80' lang='lat' dir='ltr'>beata</span> <span class='ocrx_word' id='word_1_158' title='bbox 825 1318 1114 1372; x_wconf 79' lang='lat' dir='ltr'>perfectaque</span> <span class='ocrx_word' id='word_1_159' title='bbox 1133 1321 1279 1360; x_wconf 81' lang='lat' dir='ltr'>anima</span> <span class='ocrx_word' id='word_1_160' title='bbox 1295 1332 1393 1360; x_wconf 87' lang='lat' dir='ltr'>cum</span> 
     </span>
     <span class='ocr_line' id='line_1_23' title="bbox 91 1377 698 1428; baseline -0.005 -13"><span class='ocrx_word' id='word_1_161' title='bbox 91 1389 262 1415; x_wconf 84' lang='lat' dir='ltr'>summa</span> <span class='ocrx_word' id='word_1_162' title='bbox 280 1377 429 1428; x_wconf 83' lang='lat' dir='ltr'>quiete</span> <span class='ocrx_word' id='word_1_163' title='bbox 450 1380 698 1427; x_wconf 71' lang='lat' dir='ltr'>vegetetur.</span> 
     </span>
    </p>

    <p class='ocr_par' dir='ltr' id='par_1_6' title="bbox 89 1429 1392 1706">
     <span class='ocr_line' id='line_1_24' title="bbox 147 1429 1391 1471; baseline -0.001 -1"><span class='ocrx_word' id='word_1_164' title='bbox 147 1432 193 1471; x_wconf 77' lang='lat' dir='ltr'>C.</span> <span class='ocrx_word' id='word_1_165' title='bbox 213 1431 312 1470; x_wconf 77' lang='lat' dir='ltr'>XX.</span> <span class='ocrx_word' id='word_1_166' title='bbox 358 1431 493 1470; x_wconf 86' lang='lat' dir='ltr'>Cuius</span> <span class='ocrx_word' id='word_1_167' title='bbox 513 1436 659 1469; x_wconf 82' lang='lat' dir='ltr'>autem</span> <span class='ocrx_word' id='word_1_168' title='bbox 678 1430 848 1469; x_wconf 79' lang='lat' dir='ltr'>animus</span> <span class='ocrx_word' id='word_1_169' title='bbox 867 1443 953 1469; x_wconf 84' lang='lat' dir='ltr'>non</span> <span class='ocrx_word' id='word_1_170' title='bbox 973 1431 1161 1470; x_wconf 89' lang='lat' dir='ltr'>moritur</span> <span class='ocrx_word' id='word_1_171' title='bbox 1178 1429 1279 1470; x_wconf 85' lang='lat' dir='ltr'>huic</span> <span class='ocrx_word' id='word_1_172' title='bbox 1298 1442 1391 1469; x_wconf 83' lang='lat' dir='ltr'>sae-</span> 
     </span>
     <span class='ocr_line' id='line_1_25' title="bbox 92 1485 1392 1539; baseline -0.002 -13"><span class='ocrx_word' id='word_1_173' title='bbox 92 1487 209 1534; x_wconf 89' lang='lat' dir='ltr'>culo,</span> <span class='ocrx_word' id='word_1_174' title='bbox 232 1498 376 1539; x_wconf 87' lang='lat' dir='ltr'>neque</span> <span class='ocrx_word' id='word_1_175' title='bbox 393 1486 550 1537; x_wconf 85' lang='lat' dir='ltr'>incipit</span> <span class='ocrx_word' id='word_1_176' title='bbox 570 1485 841 1537; x_wconf 80' lang='lat' dir='ltr'>configurari</span> <span class='ocrx_word' id='word_1_177' title='bbox 859 1487 1054 1534; x_wconf 81' lang='lat' dir='ltr'>veritati,</span> <span class='ocrx_word' id='word_1_178' title='bbox 1080 1487 1123 1524; x_wconf 89' lang='lat' dir='ltr'>in</span> <span class='ocrx_word' id='word_1_179' title='bbox 1140 1487 1392 1538; x_wconf 69' lang='lat' dir='ltr'>graviorem</span> 
     </span>
     <span class='ocr_line' id='line_1_26' title="bbox 90 1539 1390 1594; baseline -0.002 -12"><span class='ocrx_word' id='word_1_180' title='bbox 90 1549 281 1582; x_wconf 86' lang='lat' dir='ltr'>mortem</span> <span class='ocrx_word' id='word_1_181' title='bbox 301 1547 444 1581; x_wconf 84' lang='lat' dir='ltr'>morte</span> <span class='ocrx_word' id='word_1_182' title='bbox 465 1541 669 1592; x_wconf 85' lang='lat' dir='ltr'>corporis</span> <span class='ocrx_word' id='word_1_183' title='bbox 685 1539 891 1589; x_wconf 85' lang='lat' dir='ltr'>trahitur,</span> <span class='ocrx_word' id='word_1_184' title='bbox 918 1553 1059 1594; x_wconf 85' lang='lat' dir='ltr'>neque</span> <span class='ocrx_word' id='word_1_185' title='bbox 1079 1541 1132 1580; x_wconf 85' lang='lat' dir='ltr'>ad</span> <span class='ocrx_word' id='word_1_186' title='bbox 1150 1549 1390 1580; x_wconf 72' lang='lat' dir='ltr'>commuto-</span> 
     </span>
     <span class='ocr_line' id='line_1_27' title="bbox 90 1595 1391 1648; baseline -0.002 -11"><span class='ocrx_word' id='word_1_187' title='bbox 90 1600 258 1637; x_wconf 89' lang='lat' dir='ltr'>tionem</span> <span class='ocrx_word' id='word_1_188' title='bbox 280 1598 493 1636; x_wconf 84' lang='lat' dir='ltr'>coelestis</span> <span class='ocrx_word' id='word_1_189' title='bbox 514 1595 867 1645; x_wconf 81' lang='lat' dir='ltr'>habitudinis2)‚</span> <span class='ocrx_word' id='word_1_190' title='bbox 904 1597 983 1636; x_wconf 88' lang='lat' dir='ltr'>sed</span> <span class='ocrx_word' id='word_1_191' title='bbox 1012 1596 1067 1635; x_wconf 80' lang='lat' dir='ltr'>ad</span> <span class='ocrx_word' id='word_1_192' title='bbox 1096 1596 1260 1635; x_wconf 83' lang='lat' dir='ltr'>luenda</span> <span class='ocrx_word' id='word_1_193' title='bbox 1291 1610 1391 1648; x_wconf 84' lang='lat' dir='ltr'>sup-</span> 
     </span>
     <span class='ocr_line' id='line_1_28' title="bbox 89 1654 498 1706; baseline -0.002 -15"><span class='ocrx_word' id='word_1_194' title='bbox 89 1654 228 1706; x_wconf 82' lang='lat' dir='ltr'>plicia</span> <span class='ocrx_word' id='word_1_195' title='bbox 245 1654 498 1692; x_wconf 67' lang='lat' dir='ltr'>reviviscet.</span> 
     </span>
    </p>

    <p class='ocr_par' dir='ltr' id='par_1_7' title="bbox 88 1705 1391 1970">
     <span class='ocr_line' id='line_1_29' title="bbox 146 1705 1391 1759; baseline -0.002 -12"><span class='ocrx_word' id='word_1_196' title='bbox 146 1710 192 1747; x_wconf 89' lang='lat' dir='ltr'>C.</span> <span class='ocrx_word' id='word_1_197' title='bbox 213 1708 332 1747; x_wconf 83' lang='lat' dir='ltr'>XXI.</span> <span class='ocrx_word' id='word_1_198' title='bbox 395 1708 493 1746; x_wconf 79' lang='lat' dir='ltr'>Hoc</span> <span class='ocrx_word' id='word_1_199' title='bbox 517 1707 669 1759; x_wconf 82' lang='lat' dir='ltr'>itaque</span> <span class='ocrx_word' id='word_1_200' title='bbox 690 1706 801 1745; x_wconf 88' lang='lat' dir='ltr'>fides</span> <span class='ocrx_word' id='word_1_201' title='bbox 821 1705 968 1753; x_wconf 81' lang='lat' dir='ltr'>habet,</span> <span class='ocrx_word' id='word_1_202' title='bbox 1000 1712 1130 1759; x_wconf 81' lang='lat' dir='ltr'>atque</span> <span class='ocrx_word' id='word_1_203' title='bbox 1151 1708 1214 1745; x_wconf 83' lang='lat' dir='ltr'>ita</span> <span class='ocrx_word' id='word_1_204' title='bbox 1232 1719 1278 1745; x_wconf 83' lang='lat' dir='ltr'>se</span> <span class='ocrx_word' id='word_1_205' title='bbox 1301 1718 1391 1745; x_wconf 88' lang='lat' dir='ltr'>rem</span> 
     </span>
     <span class='ocr_line' id='line_1_30' title="bbox 91 1762 1391 1813; baseline -0.003 -10"><span class='ocrx_word' id='word_1_206' title='bbox 91 1763 257 1803; x_wconf 77' lang='lat' dir='ltr'>habere</span> <span class='ocrx_word' id='word_1_207' title='bbox 279 1762 547 1803; x_wconf 84' lang='lat' dir='ltr'>credendum</span> <span class='ocrx_word' id='word_1_208' title='bbox 566 1769 647 1809; x_wconf 87' lang='lat' dir='ltr'>est,</span> <span class='ocrx_word' id='word_1_209' title='bbox 669 1774 812 1813; x_wconf 87' lang='lat' dir='ltr'>neque</span> <span class='ocrx_word' id='word_1_210' title='bbox 833 1763 1039 1809; x_wconf 81' lang='lat' dir='ltr'>animum,</span> <span class='ocrx_word' id='word_1_211' title='bbox 1068 1774 1209 1813; x_wconf 82' lang='lat' dir='ltr'>neque</span> <span class='ocrx_word' id='word_1_212' title='bbox 1230 1774 1391 1813; x_wconf 83' lang='lat' dir='ltr'>corpus</span> 
     </span>
     <span class='ocr_line' id='line_1_31' title="bbox 90 1817 1390 1869; baseline -0.003 -10"><span class='ocrx_word' id='word_1_213' title='bbox 90 1819 327 1859; x_wconf 83' lang='lat' dir='ltr'>humanum</span> <span class='ocrx_word' id='word_1_214' title='bbox 349 1818 649 1858; x_wconf 87' lang='lat' dir='ltr'>omnimodum</span> <span class='ocrx_word' id='word_1_215' title='bbox 670 1818 898 1856; x_wconf 83' lang='lat' dir='ltr'>interitum</span> <span class='ocrx_word' id='word_1_216' title='bbox 919 1817 1026 1869; x_wconf 86' lang='lat' dir='ltr'>pati,</span> <span class='ocrx_word' id='word_1_217' title='bbox 1047 1817 1126 1855; x_wconf 82' lang='lat' dir='ltr'>sed</span> <span class='ocrx_word' id='word_1_218' title='bbox 1144 1818 1304 1869; x_wconf 83' lang='lat' dir='ltr'>impios</span> <span class='ocrx_word' id='word_1_219' title='bbox 1325 1828 1390 1855; x_wconf 84' lang='lat' dir='ltr'>rc-</span> 
     </span>
     <span class='ocr_line' id='line_1_32' title="bbox 89 1872 1391 1929; baseline -0.002 -15"><span class='ocrx_word' id='word_1_220' title='bbox 89 1888 277 1929; x_wconf 78' lang='lat' dir='ltr'>surgere</span> <span class='ocrx_word' id='word_1_221' title='bbox 302 1875 357 1914; x_wconf 81' lang='lat' dir='ltr'>ad</span> <span class='ocrx_word' id='word_1_222' title='bbox 376 1872 941 1926; x_wconf 76' lang='lat' dir='ltr'>poenasinaestimabiles‚</span> <span class='ocrx_word' id='word_1_223' title='bbox 966 1874 1065 1924; x_wconf 87' lang='lat' dir='ltr'>pios</span> <span class='ocrx_word' id='word_1_224' title='bbox 1092 1879 1238 1911; x_wconf 85' lang='lat' dir='ltr'>autem</span> <span class='ocrx_word' id='word_1_225' title='bbox 1258 1872 1312 1911; x_wconf 86' lang='lat' dir='ltr'>ad</span> <span class='ocrx_word' id='word_1_226' title='bbox 1332 1874 1391 1911; x_wconf 72' lang='lat' dir='ltr'>ri·</span> 
     </span>
     <span class='ocr_line' id='line_1_33' title="bbox 88 1935 444 1970; baseline -0.008 0"><span class='ocrx_word' id='word_1_227' title='bbox 88 1936 177 1970; x_wconf 82' lang='lat' dir='ltr'>tam</span> <span class='ocrx_word' id='word_1_228' title='bbox 202 1935 444 1970; x_wconf 78' lang='lat' dir='ltr'>aeternam.</span> 
     </span>
    </p>
   </div>
   <div class='ocr_carea' id='block_1_5' title="bbox 87 2038 1389 2256">
    <p class='ocr_par' dir='ltr' id='par_1_8' title="bbox 87 2038 1389 2256">
     <span class='ocr_line' id='line_1_34' title="bbox 136 2038 1387 2079; baseline -0.001 -10"><span class='ocrx_word' id='word_1_229' title='bbox 136 2039 170 2074; x_wconf 67' lang='lat'>1]</span> <span class='ocrx_word' id='word_1_230' title='bbox 194 2043 205 2071; x_wconf 89' lang='lat' dir='ltr'>l</span> <span class='ocrx_word' id='word_1_231' title='bbox 232 2039 314 2072; x_wconf 80' lang='lat' dir='ltr'>Cor.</span> <span class='ocrx_word' id='word_1_232' title='bbox 340 2042 389 2078; x_wconf 75' lang='lat'>15,</span> <span class='ocrx_word' id='word_1_233' title='bbox 410 2043 463 2071; x_wconf 84' lang='lat'>50.</span> <span class='ocrx_word' id='word_1_234' title='bbox 482 2042 536 2071; x_wconf 82' lang='lat'>53.</span> <span class='ocrx_word' id='word_1_235' title='bbox 585 2038 621 2079; x_wconf 76' lang='lat'>2)</span> <span class='ocrx_word' id='word_1_236' title='bbox 643 2038 739 2070; x_wconf 72' lang='lat' dir='ltr'>Tres</span> <span class='ocrx_word' id='word_1_237' title='bbox 756 2050 773 2071; x_wconf 84' lang='lat' dir='ltr'>e</span> <span class='ocrx_word' id='word_1_238' title='bbox 791 2039 874 2071; x_wconf 68' lang='lat' dir='ltr'>Vat-</span> <span class='ocrx_word' id='word_1_239' title='bbox 895 2040 998 2071; x_wconf 78' lang='lat' dir='ltr'>Mss.:</span> <span class='ocrx_word' id='word_1_240' title='bbox 1016 2040 1066 2070; x_wconf 75' lang='lat' dir='ltr'>nd</span> <span class='ocrx_word' id='word_1_241' title='bbox 1082 2038 1387 2071; x_wconf 73' lang='lat' dir='ltr'>(ommnnicntio-</span> 
     </span>
     <span class='ocr_line' id='line_1_35' title="bbox 87 2083 1389 2122; baseline -0.001 -6"><span class='ocrx_word' id='word_1_242' title='bbox 87 2096 189 2122; x_wconf 51' lang='lat' dir='ltr'>veum</span> <span class='ocrx_word' id='word_1_243' title='bbox 224 2084 269 2117; x_wconf 77' lang='lat' dir='ltr'>al.</span> <span class='ocrx_word' id='word_1_244' title='bbox 288 2086 392 2118; x_wconf 68' lang='lat' dir='ltr'>Vat..</span> <span class='ocrx_word' id='word_1_245' title='bbox 422 2088 473 2118; x_wconf 77' lang='lat' dir='ltr'>ad</span> <span class='ocrx_word' id='word_1_246' title='bbox 496 2087 811 2121; x_wconf 73' lang='lat' dir='ltr'>cmnmmzimzcm,</span> <span class='ocrx_word' id='word_1_247' title='bbox 848 2087 902 2117; x_wconf 86' lang='lat' dir='ltr'>cui</span> <span class='ocrx_word' id='word_1_248' title='bbox 925 2085 1153 2116; x_wconf 72' lang='lat' dir='ltr'>consentiunt</span> <span class='ocrx_word' id='word_1_249' title='bbox 1176 2085 1237 2117; x_wconf 90' lang='lat' dir='ltr'>Er.</span> <span class='ocrx_word' id='word_1_250' title='bbox 1256 2090 1292 2116; x_wconf 85' lang='lat' dir='ltr'>et</span> <span class='ocrx_word' id='word_1_251' title='bbox 1311 2083 1389 2116; x_wconf 84' lang='lat' dir='ltr'>Cal.</span> 
     </span>
     <span class='ocr_line' id='line_1_36' title="bbox 90 2129 1388 2163; baseline -0.001 0"><span class='ocrx_word' id='word_1_252' title='bbox 90 2131 160 2163; x_wconf 76' lang='lat' dir='ltr'>Sed</span> <span class='ocrx_word' id='word_1_253' title='bbox 190 2131 274 2163; x_wconf 77' lang='lat' dir='ltr'>libri</span> <span class='ocrx_word' id='word_1_254' title='bbox 304 2133 434 2163; x_wconf 79' lang='lat' dir='ltr'>ceteri:</span> <span class='ocrx_word' id='word_1_255' title='bbox 467 2133 518 2163; x_wconf 80' lang='lat' dir='ltr'>ml</span> <span class='ocrx_word' id='word_1_256' title='bbox 534 2137 871 2163; x_wconf 74' lang='lat' dir='ltr'>commutationem.</span> <span class='ocrx_word' id='word_1_257' title='bbox 921 2131 1120 2162; x_wconf 75' lang='lat' dir='ltr'>Praeterea</span> <span class='ocrx_word' id='word_1_258' title='bbox 1145 2133 1179 2163; x_wconf 92' lang='lat' dir='ltr'>in</span> <span class='ocrx_word' id='word_1_259' title='bbox 1206 2131 1290 2162; x_wconf 80' lang='lat' dir='ltr'>Mss.</span> <span class='ocrx_word' id='word_1_260' title='bbox 1309 2129 1388 2162; x_wconf 80' lang='lat' dir='ltr'>fere</span> 
     </span>
     <span class='ocr_line' id='line_1_37' title="bbox 89 2175 1388 2220; baseline -0.002 -12"><span class='ocrx_word' id='word_1_261' title='bbox 89 2179 270 2209; x_wconf 68' lang='lat' dir='ltr'>omnibns:</span> <span class='ocrx_word' id='word_1_262' title='bbox 306 2177 539 2216; x_wconf 70' lang='lat' dir='ltr'>lmbicudim&#39;s‚</span> <span class='ocrx_word' id='word_1_263' title='bbox 575 2187 729 2220; x_wconf 83' lang='lat' dir='ltr'>proquo</span> <span class='ocrx_word' id='word_1_264' title='bbox 748 2177 843 2209; x_wconf 51' lang='lat' dir='ltr'>Ant:</span> <span class='ocrx_word' id='word_1_265' title='bbox 878 2175 1142 2215; x_wconf 70' lang='lat' dir='ltr'>habitationis;</span> <span class='ocrx_word' id='word_1_266' title='bbox 1178 2177 1254 2215; x_wconf 61' lang='lat' dir='ltr'>Exn,</span> <span class='ocrx_word' id='word_1_267' title='bbox 1287 2177 1388 2214; x_wconf 49' lang='lat' dir='ltr'>Lon,</span> 
     </span>
     <span class='ocr_line' id='line_1_38' title="bbox 91 2222 469 2256; baseline -0.005 0"><span class='ocrx_word' id='word_1_268' title='bbox 91 2222 188 2256; x_wconf 63' lang='lat' dir='ltr'>Cal:</span> <span class='ocrx_word' id='word_1_269' title='bbox 216 2223 469 2256; x_wconf 74' lang='lat' dir='ltr'>beatitudinis.</span> 
     </span>
    </p>
   </div>
  </div>
 </body>
</html>
