1503 2465
122 131 175 171 88
477 125 713 167 AURELII
742 122 1060 165 AUGUSTINI

124 213 446 255 destruendum
470 211 603 250 valet.
667 208 798 257 Quod
822 208 861 248 si
887 208 1124 260 perspicue
1153 210 1303 253 sonat,
1337 217 1425 244 non

125 277 195 310 est
213 270 268 309 ad
294 268 416 308 aliud
440 265 749 314 referendum,
785 263 914 316 quasi
940 263 1130 316 figurate
1157 262 1324 300 dictum
1352 261 1425 301 sit.

125 326 266 366 Sicuti
294 329 364 364 est
385 322 497 363 illud
522 320 720 373 apostoli
738 324 798 369 ι);
836 317 1125 358 Tliesaurizas
1151 316 1230 356 tibi
1248 315 1360 355 iram
1382 315 1428 355 in

123 381 189 421 die
206 380 299 420 irae
319 386 361 419 et
377 375 650 418 revelationis
669 374 773 415 iusti
789 373 941 413 iudicii
956 372 1056 422 Dei,
1085 372 1158 426 qui
1171 372 1319 412 reddet
1334 370 1426 410 ‘uni-

123 435 275 488 cuique
298 434 528 474 secundum
555 444 686 484 opera
704 443 804 470 sua:
830 429 885 469 eis
906 428 1086 482 quidem,
1109 427 1182 481 qui
1198 426 1429 467 secundum

121 489 424 533 sustinentiam
444 487 545 528 boni
562 486 715 540 operis,
732 484 924 539 gloriam
943 492 985 524 et
1000 484 1207 524 honorem
1227 489 1269 522 et
1282 482 1425 521 incor-

123 546 369 600 ruptionem
400 542 723 597 quaerentibus,
754 541 886 581 vitam
906 547 1157 588 aeterna1n;
1194 538 1251 578 eis
1268 544 1426 586 autem,

124 603 199 656 qni
225 615 276 641 ex
302 599 576 641 contentione
598 605 699 637 sunt
721 605 763 636 et
786 595 994 651 dissidunt
1019 594 1214 642 veritati,
1250 593 1432 633 credant

121 665 267 698 autem
306 655 551 709 iniquitati,
591 653 661 693 ira
701 659 745 692 et
778 651 1051 705 indignatio!
1103 648 1348 691 Tribulatio
1388 654 1430 687 et

122 712 328 767 angustia
359 712 405 751 in
447 722 612 751 omnem
651 706 840 748 animam
873 706 1057 747 hominis
1091 703 1309 760 operantis
1341 716 1430 743 ma-

122 771 228 816 lum,
259 765 612 820 Iudaeiprimum
631 771 674 804 et
692 763 874 803 Graeci!
910 763 999 804 Sed
1017 761 1104 802 hoc
1123 761 1178 801 ad
1199 773 1277 800 eos
1292 790 1303 810 ‚
1333 772 1432 799 cum

125 825 286 879 quibus
308 825 525 863 evertitur
543 822 642 874 ipsa
659 820 904 872 cupiditas,
937 820 1010 871 qui
1034 830 1129 858 eam
1149 817 1329 856 vincere
1353 827 1431 855 no-

122 881 319 921 luerunt.
381 879 524 926 Quum
550 882 697 916 autem
721 876 766 914 in
786 874 988 923 homine,
1013 874 1084 913 cui
1103 871 1432 921 dominabatur,

124 948 268 990 regna
285 934 545 988 cupiditatis
567 932 913 980 subvertuntur,
948 930 1030 969 illa
1047 935 1116 969 est
1134 933 1290 981 aperta
1310 927 1434 966 locu-

124 995 191 1033 tio
204 992 263 1042 2):
301 989 389 1040 Qui
405 996 546 1028 autem
565 987 664 1027 Iesu
689 985 854 1026 Christi
868 992 981 1034 sunt,
1007 998 1180 1025 carnem
1197 995 1319 1023 suam
1337 994 1431 1022 cru-

127 1047 366 1101 cifixerunt
383 1058 476 1085 cum
491 1042 816 1097 passionibus3)
844 1048 886 1081 et
908 1038 1276 1094 concupiscentiis.
1336 1037 1436 1078 Nisi

128 1104 235 1158 quio.
253 1108 298 1142 et
316 1100 388 1141 hic
408 1100 628 1153 quaedam
644 1098 783 1138 rerba
806 1097 1027 1137 translata
1050 1101 1321 1144 tractantur,
1354 1094 1437 1133 sic-

127 1160 192 1199 uti
215 1163 302 1197 est:
324 1156 393 1196 ira
408 1154 508 1204 Dei,
531 1160 595 1195 et:
616 1152 942 1208 crucifixerunt.
976 1152 1065 1193 Sed
1083 1164 1171 1191 non
1190 1156 1282 1190 tam
1299 1149 1440 1190 multa
1460 1169 1464 1174 ·

129 1219 232 1255 sunt
251 1213 402 1253 velita
419 1212 583 1266 posita,
594 1215 644 1250 ut
662 1210 880 1263 obtegant
900 1221 1095 1256 sensum,
1109 1212 1153 1247 et
1173 1205 1440 1259 allegoriam

128 1271 203 1310 vel
229 1270 439 1322 aenigma
464 1267 657 1315 faciant,
691 1278 821 1319 quam
847 1265 1029 1317 proprie
1056 1264 1288 1316 figuratam
1317 1261 1439 1300 locu-

129 1326 302 1366 tionem
318 1337 447 1364 voco.
507 1322 641 1371 Quod
658 1327 806 1361 autem
826 1321 1041 1360 lercmiae
1062 1317 1301 1367 dicitur4):
1322 1316 1441 1356 Ecce

131 1379 338 1421 constitui
362 1387 402 1419 te
429 1378 554 1418 hodie
580 1390 707 1430 super
730 1383 882 1431 gentes
907 1382 950 1415 et
966 1387 1130 1429 regna,
1162 1380 1212 1413 ut
1234 1373 1384 1413 evellas
1402 1377 1445 1411 et

132 1438 326 1477 destruas
350 1442 391 1475 et
415 1434 634 1487 disperdas
668 1439 710 1472 et
743 1431 934 1484 dissipes,
970 1444 1059 1470 non
1096 1430 1298 1476 dubium,
1335 1427 1441 1480 quin

132 1494 327 1547 figurata
358 1491 530 1530 locutio
561 1494 660 1529 tota
693 1488 753 1528 sit
791 1488 846 1527 ad
878 1499 978 1526 eum
1011 1487 1144 1526 finem
1185 1483 1439 1532 referenda,

132 1561 263 1602 quem
282 1547 490 1587 diximus.

188 1604 235 1643 C.
254 1603 352 1643 Xll.
414 1602 540 1649 Quae
561 1605 709 1639 autem
731 1600 859 1652 qnasi
881 1597 1112 1651 flagitiosa
1135 1595 1357 1648 imperitis
1378 1595 1439 1633 vi-

129 1660 305 1708 dentur,
329 1660 422 1698 sive
441 1661 611 1696 tantum
632 1655 772 1704 dictu,
804 1655 899 1693 sive
920 1655 1054 1693 etiam
1072 1651 1192 1692 facta
1209 1655 1332 1699 sunt,
1366 1649 1438 1689 vel

129 1727 185 1755 ex
203 1715 289 1754 Dei
310 1725 519 1767 persona,
547 1711 692 1750 velex
710 1709 954 1758 hominum,
980 1720 1169 1761 quorum
1187 1706 1318 1746 nobis
1339 1718 1437 1745 san-

129 1771 263 1811 etitas
291 1768 648 1814 commendatur,
682 1770 780 1804 tota
805 1765 997 1818 figurata
1021 1768 1143 1812 sunt,
1170 1774 1359 1815 quorum
1383 1759 1440 1799 ad

130 1826 334 1866 caritatis
356 1829 531 1876 pastum
554 1820 833 1861 enucleanda
850 1825 1028 1860 secreta
1046 1823 1162 1858 sunt.
1224 1817 1439 1869 Quisquis

129 1878 278 1921 autem
298 1880 430 1919 rebus
449 1877 840 1931 praetereuntibus
861 1874 1113 1915 restrictius
1132 1874 1289 1922 utitur,
1310 1883 1441 1926 quam

131 1949 233 1977 sese
254 1934 420 1975 habent
437 1946 586 1973 mores
607 1945 778 1982 eornm,
799 1944 897 1971 cum
916 1930 1076 1983 quibus
1094 1929 1218 1977 vivit,
1237 1933 1314 1968 aut
1330 1933 1440 1967 tem-

129 2005 293 2046 perans
315 1996 392 2030 aut
416 1988 760 2042 superstitiosus
788 1993 873 2038 est3
907 1985 1110 2040 quisquis
1144 1996 1251 2025 vero
1281 1985 1347 2024 sic
1373 1983 1438 2022 eis

183 2140 215 2179 1)
236 2139 337 2169 Rom.
357 2140 388 2175 2,
407 2140 525 2171 5—9.
575 2138 611 2180 2)
634 2137 715 2171 Gal.
735 2141 766 2177 5,
784 2140 838 2170 24.
890 2137 926 2181 3)
945 2136 1080 2176 ,,Ε(1ἰῑὶ
1101 2135 1294 2168 secundum
1315 2131 1439 2174 Vulg.:

132 2183 247 2222 vitiis,
269 2195 335 2226 pro
354 2194 422 2225 *1¹¹⁰
443 2186 530 2217 Mss.
546 2184 793 2228 passionibus,
814 2194 918 2225 quam
934 2193 1056 2215 vocem
1078 2182 1201 2214 reddit
1220 2180 1355 2223 passim
1365 2179 1438 2211 Au-

134 2235 226 2272 gust.
245 2241 312 2272 pro
332 2229 477 2264 Graec:
505 2235 572 2265 τοῖς
592 2232 804 2269 sufflamen-‘J‘
837 2230 925 2262 Ben.
975 2232 1011 2271 4)
1032 2228 1162 2261 lei-ein.
1185 2231 1211 2266 l,
1234 2230 1285 2259 10.
