1503 2465
134 123 186 163 30
494 125 730 166 AURELH
760 127 1080 170 AUGUSTINI

136 209 368 261 quisquam
394 222 548 249 errore
576 211 790 250 deserens
816 213 930 253 viam
950 227 1003 254 eo
1023 221 1171 256 tamen
1193 231 1270 270 per
1289 232 1444 272 agrum

136 270 310 317 pergat,
331 278 417 318 quo
440 267 572 304 etiam
594 268 666 306 via
684 267 763 306 illa
779 270 1000 320 perducit.
1051 272 1357 326 Corrigendus
1378 282 1447 314 est

135 327 300 368 tamen,
325 328 370 360 et
388 334 517 374 quam
537 322 595 360 sit
613 322 769 362 utilius
792 325 905 363 viam
924 338 1013 365 non
1033 326 1245 368 deserere
1266 330 1445 370 ‹lemon-

137 375 368 415 strandum
403 382 493 426 est,
536 389 590 416 ne
625 381 953 420 consuetudine
987 381 1194 424 deviandi
1233 386 1367 425 etiam
1402 387 1446 426 in

134 437 440 471 transversum
461 438 537 472 aut
554 445 815 485 perversum
833 436 899 475 ire
919 442 1121 490 cogatur.

194 487 240 526 C.
266 487 494 528 XXXVII.
554 489 818 530 Adserendo
850 494 967 531 enim
994 499 1186 544 temere,
1222 497 1340 548 quod
1367 498 1445 537 ille

137 555 227 581 non
260 545 417 591 sensit,
453 556 585 596 quem
611 545 737 598 legit,
771 548 1036 602 plerumque
1056 551 1246 591 incurrit
1269 552 1311 590 in
1341 553 1445 601 alia,

138 610 251 651 quae
273 599 340 638 illi
359 600 612 640 sententiae
632 607 876 643 contexere
894 611 1104 657 nequeat.
1139 606 1264 655 Quae
1285 608 1318 647 si
1341 621 1447 648 vera

138 660 184 694 et
202 661 326 693 certa
347 667 447 694 esse
467 658 715 706 consentit,
748 658 862 698 illud
880 672 969 699 non
992 664 1138 712 possit
1166 675 1316 702 verum
1345 676 1445 704 esse

138 711 257 762 quod
287 718 511 760 senserat,
548 712 685 764 fitque
712 713 756 752 in
787 726 866 765 eo,
904 717 1059 756 nescio
1085 730 1171 770 quo
1207 720 1362 767 modo,
1400 726 1447 760 ut

137 766 328 805 amando
356 767 627 807 sententiam
658 781 783 808 suam
810 772 1060 823 scripturae
1093 774 1279 826 incipiat
1309 774 1448 814 offen-

137 822 232 861 sior
252 834 352 861 esse
373 835 503 875 quam
523 823 624 863 sibi.
685 825 816 872 Quod
833 827 998 866 malum
1016 828 1053 867 si
1073 841 1256 881 serpere
1276 831 1447 880 siverit,

139 883 368 917 evertetur
392 890 446 918 ex
475 891 544 918 eo.
605 879 693 918 Per
717 881 849 921 fidem
872 884 987 922 enim
1023 885 1322 934 ambulamus,
1359 901 1447 925 non

136 945 216 986 per
234 934 445 985 speciem.
464 936 501 985 ¹)
560 935 795 976 Titubabit
813 943 961 977 autem
982 939 1115 989 fides,
1141 943 1180 980 si
1199 941 1447 981 divinarum

137 989 457 1042 scripturarum
493 991 678 1030 vacillat
709 995 972 1033 auctoritas.
1042 995 1186 1035 Porro
1223 997 1309 1035 fide
1343 1000 1446 1038 titu-

134 1044 270 1084 bante
297 1046 461 1085 caritas
485 1046 620 1085 etiam
647 1047 745 1099 ipsa
768 1048 1036 1101 languescit.
1097 1051 1207 1091 Nam
1243 1054 1278 1091 si
1308 1066 1333 1092 a
1361 1054 1445 1092 tide

136 1102 326 1153 quisque
344 1101 574 1147 ceciderit,
595 1115 620 1141 a
637 1103 826 1143 caritate
846 1106 978 1144 etiam
999 1119 1187 1147 necesse
1209 1115 1278 1148 est
1296 1111 1444 1157 cadat3

135 1169 225 1195 non
241 1157 356 1195 enim
375 1162 525 1210 potest
538 1158 729 1211 diligere
743 1161 862 1211 quod
878 1173 1087 1202 essenon
1105 1164 1263 1203 credit.
1300 1164 1444 1204 Porro

134 1212 170 1250 si
195 1218 239 1250 et
259 1212 402 1252 credit
422 1220 465 1251 et
484 1213 656 1266 diligit,
684 1215 797 1255 bene
818 1217 995 1269 agendo
1016 1224 1060 1257 et
1080 1220 1335 1273 praeceptis
1354 1234 1445 1259 mo-

133 1280 230 1307 rum
249 1268 467 1306 bonorum
490 1268 843 1321 obtemperando
864 1274 1020 1322 efficit,
1052 1281 1098 1313 ut
1122 1277 1256 1314 etiam
1276 1283 1443 1328 speret,

134 1336 182 1362 se
213 1324 267 1363 ad
297 1324 339 1362 id
369 1324 487 1377 quod
518 1325 667 1378 diligit
701 1338 802 1367 esse
834 1335 1084 1369 venturum.
1147 1331 1303 1384 ltaque
1336 1333 1445 1371 tria

135 1377 265 1419 haec
297 1386 439 1428 sunt,
473 1382 665 1433 quibus
699 1388 753 1422 et
782 1385 1020 1424 scientia
1052 1387 1223 1426 omnis
1249 1392 1302 1427 et
1330 1400 1442 1441 pro-

135 1433 320 1488 phetia
350 1436 573 1476 militat:
606 1436 777 1486 fides,
811 1452 952 1492 spes,
987 1442 1205 1481 caritas.

190 1491 236 1530 C.
257 1491 506 1531 xxxvill.
568 1492 654 1532 Sed
677 1493 781 1533 fidei
799 1496 1004 1536 succedit
1021 1498 1197 1550 species
1211 1499 1250 1544 2)
1266 1529 1276 1546 ‚
1313 1512 1441 1552 quam

132 1547 408 1595 videbimus3
463 1553 507 1586 et
558 1549 654 1601 spei
693 1551 901 1591 succedit
941 1553 1178 1593 beatitudo
1220 1554 1341 1606 ipsa,
1388 1555 1442 1593 ad

133 1615 262 1655 quam
301 1605 557 1654 perventuri
594 1618 767 1645 sumus:
804 1608 971 1647 caritas
1007 1614 1156 1648 autem
1181 1611 1317 1649 etiam
1341 1610 1442 1649 istis

134 1658 460 1698 decedentibus
501 1660 741 1713 augebitur
784 1663 951 1714 potius.
1020 1663 1068 1704 Si
1108 1666 1225 1705 enim
1260 1665 1443 1705 creden-

135 1713 192 1753 do
228 1714 480 1766 diligimus,
513 1715 632 1768 quod
666 1716 862 1757 nondum
893 1719 1118 1769 videmus,
1154 1726 1320 1774 quanto
1353 1734 1442 1761 ma-

133 1770 203 1822 gis
232 1783 362 1823 quum
392 1770 542 1810 videre
570 1773 877 1824 coeperimus!
911 1775 967 1814 Et
990 1776 1024 1815 si
1052 1776 1273 1828 sperando
1295 1776 1442 1829 diligi-

132 1838 253 1873 mus,
290 1839 375 1878 quo
399 1827 592 1865 nondum
615 1829 920 1879 pervenimus,
959 1838 1124 1883 quanto
1145 1832 1288 1885 magis
1308 1845 1440 1884 quum

130 1882 488 1933 pervenerinms!
524 1882 646 1922 lnter
671 1885 943 1936 temporalia
961 1888 1123 1939 quippe
1144 1894 1277 1939 atque
1297 1894 1439 1927 aeter-

130 1949 188 1975 na
206 1935 291 1976 hoc
310 1937 523 1986 interest,
561 1940 680 1990 quod
699 1941 949 1992 temporale
971 1942 1141 1994 aliquid
1171 1943 1268 1995 plus
1289 1942 1437 1995 diligi-

128 1998 202 2031 tur
229 1999 465 2045 antequam
494 1992 733 2043 habeatur,
762 1996 938 2036 vilescit
961 2004 1109 2037 autem
1143 2011 1275 2050 quum
1305 1998 1436 2037 adve-

128 2048 264 2097 nerit3
299 2063 385 2087 nou
406 2050 521 2088 enim
542 2052 676 2090 satiat
697 2051 907 2100 animam,
933 2054 1004 2092 cui
1025 2065 1130 2092 vera
1149 2060 1218 2093 est
1243 2060 1288 2092 et
1313 2059 1437 2093 certa

178 2181 210 2221 l)
238 2183 256 2211 2
276 2180 358 2211 Cor.
376 2183 405 2217 5,
426 2183 456 2212 7.
505 2180 542 2222 2)
571 2180 633 2215 Sic
657 2183 746 2217 Mss.
775 2187 812 2217 13
839 2185 996 2226 Bened.,
1022 2191 1059 2220 et
1077 2187 1181 2230 Lips.
1201 2186 1305 2219 Editi
1327 2197 1411 2219 vero

123 2235 220 2270 spes,
246 2229 283 2257 ut
302 2230 457 2268 apparet
475 2237 522 2260 ex
542 2229 799 2264 emendatione
819 2234 949 2265 ortum.
