1503 2465
197 122 279 163 DE
311 122 614 164 DOCTRINA
646 123 883 164 CHRIST.
945 124 1057 166 Llss.
1090 124 1166 166 ΙΙΙ.
1287 126 1338 168 91

29 207 273 257 conviviis,
297 208 372 247 vel
394 208 440 248 in
462 209 629 248 vestitu
654 213 897 261 ceteroque
923 207 1115 249 humano
1136 210 1257 249 victu
1275 216 1340 251 at-

29 276 114 317 que
142 264 264 303 cultu
293 263 395 304 aliis
425 264 636 317 gentibus
664 270 708 303 et
726 264 827 303 aliis
847 265 1125 317 temporibus
1143 264 1339 319 flagitio-

29 332 122 359 sam
150 319 307 359 videri.
371 319 471 368 Qua
493 320 712 359 varietate
738 320 1132 361 innumerabilium
1152 333 1340 362 consue-

27 375 232 414 tudinum
251 377 464 415 commoti
485 375 664 428 quidam
685 373 996 425 dormitantes,
1026 381 1075 416 ut
1093 378 1158 416 ita
1177 376 1339 426 dicam,

27 431 101 483 qui
123 442 267 483 neque
290 431 383 470 alto
409 444 567 470 somno
593 430 812 470 stultitiae
836 432 1150 483 sopiebantur,
1185 444 1268 472 nec
1293 434 1339 472 in

27 486 276 539 sapientiae
295 486 441 526 lucem
460 492 671 539 poterant
690 487 909 539 evigilare
924 517 933 533 ‚
958 493 1227 540 putaverunt
1245 487 1340 527 nul-

26 541 116 582 lam
136 554 236 581 esse
255 543 473 582 iustitiam
493 555 572 595 per
591 543 822 594 seipsam,
849 543 929 583 sed
949 544 1190 596 unicuique
1214 544 1341 596 genti

28 598 403 637 consuetudinem
425 612 551 638 suam
578 600 741 637 iustam
773 598 934 649 videri3
974 611 1087 652 quae
1113 612 1247 652 quum
1281 600 1341 638 sit

28 651 439 708 (liversaomnibus
468 654 700 707 gentibus,
736 654 900 693 debeat
921 659 1070 694 autem
1094 655 1339 694 incommu-

25 708 179 748 tabilis
207 721 388 748 manere
409 710 604 759 iustitia,
631 710 727 749 fieri
746 709 1054 759 manifestum,
1082 710 1248 749 nullam
1268 723 1339 749 us-

27 777 159 818 quam
195 776 294 804 esse
319 765 552 805 iustitiam.
613 764 711 804 Non
736 765 1078 815 intellexerunt,
1114 777 1168 805 ne
1198 766 1339 805 multa

27 832 389 869 commemorem,
408 821 523 874 quod
540 820 733 874 tibifieri
749 834 835 860 non
852 820 926 869 vis,
947 820 1026 860 alii
1042 820 1265 876 nefeceris
1281 824 1335 871 ¹),

25 875 150 915 nullo
178 876 313 916 modo
339 888 474 929 posse
498 876 592 916 ulla
621 889 775 916 eorum
800 877 961 929 gentili
981 876 1244 917 diversitate
1263 889 1337 916 va-

24 931 149 971 riari.
211 931 337 979 Quae
358 935 584 972 sententia
602 945 736 985 quum
754 932 950 972 refertur
967 932 1025 972 ad
1044 932 1337 972 dilectionem

24 985 136 1035 Dei,
171 989 321 1026 omnia
353 986 527 1041 flagitia
557 990 828 1039 moriuntur3
871 1001 1004 1041 quum
1037 988 1093 1028 ad
1126 989 1338 1041 proximi,

27 1044 177 1081 onmia
200 1041 420 1083 facinora.
480 1044 621 1083 Nemo
644 1045 761 1083 enim
781 1045 876 1084 vult
897 1045 1240 1097 corrumpere-2)
1262 1043 1337 1083 ha-

23 1098 270 1138 bitaculum
299 1112 449 1148 suum3
481 1112 571 1138 non
600 1112 709 1151 ergo
739 1099 874 1140 debet
899 1112 1187 1152 corrumpere
1215 1098 1336 1139 habi-

24 1154 223 1193 taculum
243 1153 350 1202 Dei,
377 1166 424 1194 se
444 1155 588 1207 ipsum
609 1156 799 1195 scilicet.
860 1156 917 1195 Et
936 1168 1066 1195 nemo
1086 1155 1181 1194 vult
1197 1155 1283 1194 sibi
1312 1168 1338 1194 a

25 1222 250 1262 quoquam
271 1210 445 1259 noceri3
479 1223 560 1250 nec
580 1212 675 1263 ipse
694 1212 834 1264 igitur
853 1212 1060 1264 cuiquam
1077 1211 1299 1251 nocuerit.

83 1265 128 1304 C.
157 1264 253 1305 XV.
316 1264 390 1305 Sic
416 1278 575 1306 eversa
599 1267 839 1318 tyrannide
874 1267 1135 1318 cupiditatis
1170 1267 1336 1306 caritas

23 1325 186 1373 regnat
219 1320 480 1360 iustissimis
515 1322 692 1375 legibus
726 1322 985 1362 dilectionis
1022 1321 1110 1362 Dei
1150 1326 1338 1374 propter

24 1375 187 1424 Deum,
203 1378 271 1416 sui
290 1382 335 1415 et
349 1377 539 1428 proximi
556 1383 740 1430 propter
753 1378 914 1417 Deum.
943 1377 1205 1418 Servabitur
1224 1389 1334 1429 ergo

23 1432 71 1471 in
94 1432 401 1472 locutionibus
430 1433 635 1486 figuratis
664 1434 823 1486 regula
849 1432 1127 1483 huiusmodi,
1163 1437 1211 1472 ut
1244 1439 1336 1471 tam

27 1487 103 1527 diu
135 1494 340 1527 versetur
374 1488 582 1542 diligenti
609 1489 974 1529 consideratione
1001 1489 1121 1542 quod
1151 1488 1334 1541 legitur,

28 1543 173 1583 donec
192 1543 246 1583 ad
266 1556 451 1596 regnum
474 1545 675 1584 caritatis
704 1545 1019 1598 interpretatio
1044 1544 1333 1597 perducatur.

29 1599 74 1639 Si
98 1604 244 1638 autem
267 1597 455 1639 bociam
473 1601 654 1653 proprie
680 1606 834 1649 sonat,
871 1601 995 1641 nulla
1021 1605 1202 1653 putetur
1225 1599 1333 1653 figu-

28 1660 129 1694 rata
146 1655 333 1695 locutio.

86 1710 132 1749 C.
153 1710 272 1750 XVI.
332 1710 377 1751 Si
403 1711 692 1764 praeceptiva
715 1712 886 1752 locutio
913 1716 983 1752 est
1007 1716 1084 1751 aut
1112 1710 1334 1764 flagitium

29 1772 106 1805 aut
122 1765 296 1806 facinus
322 1772 499 1816 vetans,
529 1773 605 1807 aut
628 1768 870 1807 utilitatem
898 1773 975 1807 aut
998 1767 1334 1807 benificentiam

28 1821 209 1870 iubens,
234 1834 322 1861 non
348 1827 417 1861 est
437 1823 641 1875 figurata.
703 1823 747 1864 si
769 1829 917 1863 autem
937 1823 1154 1875 flagitium
1175 1820 1332 1874 antsa-

30 1879 155 1917 cinus
170 1878 347 1917 videtur
361 1879 531 1927 iubere,
553 1884 628 1918 aut
644 1879 882 1919 utilitatem
899 1885 974 1919 aut
990 1878 1332 1918 beneficentiam

28 1938 203 1982 vetare,
239 1933 431 1983 figurata
454 1940 535 1973 est.
598 1933 1090 1982 Nisimanducaveritis,
1119 1932 1330 1986 i11q=1it³),

29 1987 301 2042 carnemfilii
318 1988 515 2037 hominis,
541 1996 582 2028 et
598 1990 852 2043 sangninem
871 1989 1076 2035 biberitis,
1102 2003 1186 2028 mm
1206 1988 1332 2026 halte-

29 2043 127 2083 bz'tis
154 2043 285 2083 vitum
317 2044 363 2083 in
398 2044 528 2085 vobis.
588 2045 782 2086 Facinus
816 2047 886 2086 rel
911 2046 1127 2100 flagitium
1154 2044 1332 2083 videtur

78 2176 110 2218 l)
139 2174 197 2208 Cf.
217 2174 313 2207 Tol».
332 2178 363 2213 4,
387 2179 437 2209 16.
473 2176 602 2210 Matth.
622 2180 653 2216 7,
676 2182 724 2211 12.
774 2182 793 2210 ‘2
840 2178 895 2211 Ita
914 2179 1002 2211 Bon.
1038 2177 1108 2208 Sed
1138 2176 1228 2213 Aah,
1256 2175 1329 2213 Er„

30 2220 107 2255 Cal.
127 2225 163 2255 et
182 2225 200 2255 3
219 2221 323 2255 codd.
344 2222 463 2266 Lips.:
484 2226 686 2269 corrumpi.
715 2225 752 2269 3)
772 2225 873 2259 lesus
886 2224 1055 2258 Christus
1075 2222 1262 2266 ap.l‹=l1.(›'‚
1276 2224 1327 2254 523.
