1503 2465
312 123 709 165 ENCHlRlDION
737 124 816 164 AD
848 124 1141 166 LAURENT.
1309 127 1386 166 177

72 208 368 249 abditissimis
390 214 576 248 naturae
593 209 756 249 finibus
773 209 1058 250 occuluntur:
1078 210 1196 250 unde
1215 216 1387 251 tremor

71 266 228 313 terris,
257 277 343 318 qua
361 265 402 303 vi
422 265 563 303 maria
581 265 673 303 alta
693 270 963 314 tumescant,
994 266 1199 306 obicibus
1226 268 1386 320 ruptis,

72 332 317 373 rursusque
346 320 391 359 in
413 332 462 359 se
488 321 587 372 ipsa
610 320 833 369 residant,
869 327 914 361 et
939 328 1092 361 cetera
1111 320 1383 362 huiusmodi.

73 375 162 416 Sed
180 376 399 416 bonarum
420 381 465 414 et
482 375 697 415 malarum
716 388 864 415 rerum
886 389 1070 417 caussas
1095 390 1230 417 nosse
1253 378 1386 418 debe-

72 444 192 481 mus3
233 436 278 470 et
299 431 346 470 id
372 430 611 480 hactenus,
647 439 868 484 quatenus
905 444 980 472 eas
1014 431 1185 472 homini
1219 434 1263 473 in
1302 432 1386 474 hac

70 487 182 534 vita,
218 487 449 526 erroribus
471 489 787 540 aerumnisque
806 487 1087 540 plenissima,
1125 489 1180 528 ad
1200 490 1386 529 eosdem

72 554 250 582 errores
286 548 331 582 et
364 555 601 582 aerumnas
636 543 891 583 evadendas
924 556 1059 583 nosse
1103 546 1382 585 conceditur.

70 598 139 638 Ad
178 598 325 637 illam
349 599 540 651 quippe
574 597 906 638 felicitatem
937 600 1254 640 tendendum
1281 609 1384 650 est,

70 653 159 693 ubi
186 653 336 693 nulla
364 654 663 707 quatiamur
685 667 965 703 aerumna,
1003 656 1153 695 nullo
1194 669 1382 697 errore

69 708 338 748 fallamur.
398 708 509 749 Nam
529 711 566 749 si
589 722 777 750 caussae
802 711 1104 763 corporalium
1133 713 1383 752 motionum

68 764 325 804 noscendae
345 766 476 805 nobis
493 770 658 813 essent,
678 766 825 806 nullas
844 767 986 820 magis
1007 780 1140 806 nosse
1157 781 1286 820 quam
1306 780 1383 808 no-

69 826 190 860 strae
219 821 489 860 valetudinis
516 821 797 861 deberemus.
860 822 1005 870 Quum
1029 835 1136 862 vero
1160 826 1225 863 eis
1252 825 1382 877 igno-

69 876 180 916 ratis
198 877 400 915 medicos
421 878 700 929 quaerimus,
737 877 836 930 quis
861 890 948 917 non
977 878 1149 927 videat,
1187 881 1306 932 quod
1326 880 1380 919 de

70 933 259 971 secretis
280 932 398 971 coeli
419 938 464 971 et
481 937 629 973 terrae
648 945 730 973 nos
749 933 875 982 latet,
900 939 1066 987 quanta
1085 936 1144 974 sit
1160 937 1383 987 patientia

68 987 385 1027 nesciendum?

124 1043 170 1082 C.
196 1043 335 1082 XVII.
398 1043 611 1092 Quamvis
645 1044 762 1083 enim
789 1056 917 1084 error
943 1051 1109 1098 quanta
1140 1057 1379 1098 possumus

68 1110 176 1138 cura
200 1098 423 1139 cavendus
448 1100 530 1148 sit,
567 1112 655 1139 non
679 1100 825 1139 solum
852 1101 897 1140 in
927 1101 1195 1150 maioribus,
1225 1114 1377 1142 reruni

67 1155 201 1194 etiam
222 1155 263 1193 in
285 1154 533 1194 minoribus
552 1154 710 1204 rebus,
743 1168 825 1195 nec
843 1156 929 1195 nisi
950 1169 1098 1196 rerum
1120 1159 1380 1210 ignorantia

65 1211 212 1264 possit
233 1211 388 1256 errari,
411 1223 497 1249 non
518 1219 586 1250 est
606 1217 755 1250 tamen
775 1224 1074 1265 consequens,
1094 1219 1143 1252 ut
1161 1216 1378 1253 continuo

67 1272 188 1305 erret
206 1266 407 1319 quisquis
427 1266 595 1319 aliquid
616 1267 784 1316 nescit,
819 1267 900 1307 sed
920 1269 1122 1321 quisquis
1150 1281 1197 1308 se
1225 1270 1379 1309 existi-

66 1326 157 1361 mat
176 1322 292 1361 scire
313 1320 431 1373 quod
452 1322 609 1361 nescit.
633 1321 722 1361 Pro
743 1334 849 1361 vero
870 1325 1035 1376 quippe
1057 1324 1275 1376 adprobat
1296 1324 1377 1364 fal-

67 1390 186 1425 sum,
222 1377 343 1430 quod
368 1382 437 1416 est
458 1379 626 1417 erroris
656 1378 900 1430 proprium.
968 1379 1132 1419 Verum
1158 1385 1306 1419 tamen
1335 1381 1377 1420 in

68 1445 155 1485 qua
181 1444 229 1471 re
255 1433 443 1485 quisque
471 1439 611 1481 erret,
648 1433 840 1473 interest
871 1434 1126 1486 plurimum.
1187 1435 1297 1476 Nam
1333 1437 1375 1475 in

64 1501 154 1527 una
170 1488 414 1541 eademque
434 1500 481 1527 re
500 1489 723 1528 nescienti
742 1490 890 1529 sciens
907 1520 917 1538 ,
953 1496 997 1530 et
1016 1492 1181 1530 erranti
1201 1504 1287 1530 non
1310 1504 1376 1530 er-

64 1556 167 1583 rans
202 1550 329 1583 recta
359 1545 534 1583 ratione
565 1547 867 1597 praeponitur.
931 1545 977 1585 ln
1007 1546 1196 1586 diversis
1225 1554 1376 1586 autem

64 1599 214 1648 rebus,
234 1600 281 1639 id
300 1605 383 1648 est,
399 1612 531 1652 quum
548 1600 635 1639 iste
655 1601 770 1640 sciat
787 1601 890 1649 alia,
911 1601 988 1641 ille
1007 1602 1108 1650 alia,
1123 1608 1167 1642 et
1186 1603 1271 1642 iste
1293 1604 1376 1642 uti-

64 1655 202 1704 liora,
229 1661 274 1695 et
295 1655 373 1694 ille
392 1655 537 1694 minus
557 1655 706 1704 utilia,
730 1656 804 1696 vel
824 1658 959 1696 etiam
980 1659 1137 1707 noxia,
1164 1659 1262 1711 quis
1285 1672 1373 1698 non

66 1712 111 1749 in
133 1711 222 1760 eis,
251 1723 364 1763 quae
383 1710 461 1750 ille
481 1711 585 1759 scit,
615 1712 654 1751 ei
679 1711 909 1765 praeferat
931 1714 1229 1753 nescientem}
1263 1714 1376 1754 Sunt

67 1767 183 1806 enim
212 1766 449 1820 quaedam,
486 1778 598 1819 quae
622 1769 799 1807 nescire
820 1781 950 1822 quam
969 1770 1086 1809 scire
1111 1770 1170 1810 sit
1195 1771 1371 1809 melius.

63 1821 263 1875 Itemque
288 1822 516 1861 nonnullis
541 1834 692 1862 errare
720 1823 890 1876 profuit
920 1825 1181 1877 aliquando3
1223 1825 1303 1864 sed
1329 1826 1373 1864 in

62 1878 135 1917 via
159 1879 340 1931 pedum,
366 1891 454 1917 non
479 1878 523 1916 in
548 1878 825 1918 vianiorum.
888 1879 999 1920 Nam
1022 1881 1150 1921 nobis
1171 1883 1280 1933 ipsis
1301 1893 1373 1919 ac-

65 1934 192 1981 cidit,
225 1940 270 1972 ut
293 1934 335 1972 in
357 1933 549 1986 quodam
575 1934 695 1974 bivio
715 1934 999 1986 falleremur,
1031 1943 1075 1976 et
1099 1949 1186 1976 non
1206 1938 1372 1976 iremus

61 2001 142 2041 pei·
176 2001 275 2028 eum
310 1989 480 2037 locum,
514 1988 588 2027 ubi
623 1992 861 2043 opperiens
896 1993 1133 2031 transitum
1168 1998 1371 2031 nostrum

61 2044 402 2084 Donatistarum
419 2056 573 2083 manus
594 2052 765 2085 armata
782 2047 1052 2087 subsederat
1068 2050 1127 2096 ¹);
1156 2054 1289 2101 atque
1308 2049 1372 2086 ita

62 2100 230 2140 factum
250 2106 338 2148 est,
365 2105 413 2139 ut
432 2112 509 2147 eo,
537 2112 623 2152 quo
644 2101 960 2151 tendebamus,
995 2115 1074 2156 per
1093 2103 1268 2143 devium
1289 2104 1370 2142 cir-

114 2220 148 2260 1)
169 2220 279 2252 Dixit
297 2221 339 2253 de
359 2220 424 2254 hac
442 2233 480 2255 re
499 2222 644 2257 Possid.
663 2225 700 2257 in
716 2225 791 2258 vita
810 2225 965 2268 August.
986 2236 1010 2259 c
1036 2229 1085 2258 12.

116 2276 321 2316 Aue-usin
340 2276 603 2318 Excumm.
1054 2277 1101 2318 M
