1503 2465
233 462 771 544 'ARGUMENTUM
813 486 1188 539 LIBRORUM

83 591 184 634 DE
257 588 715 632 DOCTRINA
790 584 1361 629 CHRISTIANA.

112 782 238 815 PROL.
280 781 508 823 Augustinus
527 779 651 822 operis
672 775 871 810 utilitatem
892 776 1098 811 defendens
1116 777 1235 811 tribus
1251 788 1381 820 repre-

66 828 260 862 hensorum
286 828 484 869 generibus
509 824 730 868 respondet,
758 827 796 857 et
820 824 865 857 ad
894 823 1107 868 exemplum
1127 822 1381 868 apostolorum

67 887 108 908 ac
144 874 406 918 prophetarum
440 872 607 914 aliosque
640 871 847 912 scripturae
879 881 1004 904 sacrae
1037 869 1137 904 locos
1176 880 1380 915 provocans

69 921 257 955 doctrinae
278 920 511 954 Christianae
530 918 790 951 necessitatem
808 917 954 959 egregie
971 918 1142 961 exponit.

449 1002 662 1037 LIBER.
709 1001 999 1037 PRIMUS.

114 1065 251 1099 Totius
275 1066 399 1109 operis
423 1064 626 1108 partitione
644 1063 681 1096 in
698 1062 948 1096 inventionem
966 1066 1003 1097 et
1020 1062 1264 1098 elocutionem
1280 1064 1381 1098 facta

67 1113 292 1146 inventionis
316 1113 502 1154 negotium
528 1108 686 1144 collocat
709 1110 870 1152 scriptor
902 1111 938 1143 in
971 1112 1078 1144 rebus
1102 1114 1140 1144 et
1169 1110 1303 1154 signis,
1338 1115 1381 1144 ut

68 1163 325 1201 cognoscatur,
360 1169 448 1201 quas
472 1169 531 1190 res
558 1155 697 1200 populo
719 1155 929 1189 Christiano
954 1158 1103 1190 tradere
1122 1160 1310 1200 oporteat,
1342 1160 1380 1191 et

68 1215 159 1248 quae
184 1206 258 1237 sint
276 1205 401 1237 harum
418 1215 541 1237 rerum
560 1204 681 1243 signa,
710 1203 786 1235 sive
806 1203 900 1236 unde
918 1214 977 1236 res
994 1204 1088 1237 istae
1107 1215 1301 1247 earumque
1321 1216 1380 1237 co-

68 1252 183 1293 gnitio
208 1252 286 1294 peti
305 1255 342 1284 et
360 1250 526 1294 depromi
546 1251 715 1283 debeant.
764 1249 845 1281 Hoc
869 1250 987 1292 primo
1006 1249 1101 1283 libro
1122 1251 1166 1283 de
1183 1251 1286 1284 rebus
1305 1251 1380 1284 dis—

68 1299 169 1336 serit‚
191 1309 278 1340 quas
297 1298 388 1330 dicit
406 1308 485 1330 esse
500 1295 684 1339 triplices,
703 1293 795 1328 alias
815 1297 945 1338 quibus
964 1296 1170 1335 fruendum,
1189 1296 1282 1329 alias
1300 1297 1380 1339 qui·

66 1344 134 1376 bus
159 1344 349 1383 utendum,
378 1343 470 1376 alias
494 1353 584 1386 quae
609 1342 779 1375 fruantur
800 1345 837 1375 et
861 1345 1020 1375 utantur.
1069 1343 1280 1376 Fruendum
1300 1353 1380 1376 esse

65 1401 139 1423 uno
164 1393 201 1423 et
225 1389 303 1422 solo
322 1391 401 1424 Deo
429 1391 572 1428 triuno,
607 1390 667 1432 qui
693 1392 859 1420 nostrum
885 1400 1060 1421 summum
1084 1390 1217 1422 bonum
1240 1393 1277 1423 et
1293 1400 1380 1422 vera

66 1435 259 1469 beatitudo
285 1437 345 1469 sit.
394 1436 564 1469 Peccatis
588 1435 725 1468 nostris
747 1445 768 1467 a
791 1435 946 1468 fruendo
965 1436 1044 1468 Deo
1072 1446 1253 1474 arcemur,
1288 1446 1379 1478 quae

66 1485 109 1515 ut
126 1481 356 1521 tollerentur,
374 1480 469 1518 λόγος
484 1480 570 1517 σὰρξ
587 1480 723 1520 ἐγένετο)
742 1491 873 1523 passus
891 1485 927 1513 et
945 1484 1108 1514 mortuus
1129 1482 1304 1515 Dominus
1321 1491 1381 1515 re-

68 1530 232 1562 surrexit
250 1532 286 1560 et
302 1529 338 1561 in
358 1526 479 1561 coelos
496 1527 689 1561 adscendit
708 1527 931 1569 desponsata
952 1529 1022 1560 sibi
1047 1527 1221 1567 ecclesia,
1246 1529 1284 1561 in
1309 1538 1381 1571 qua

67 1578 223 1619 peccata
238 1576 493 1612 remittantur,
518 1574 649 1616 quibus
665 1574 830 1606 remissis
849 1575 1073 1616 praeviaque
1092 1575 1203 1607 animi
1229 1575 1379 1608 innova·

68 1623 168 1655 tione
185 1621 441 1663 exspectanda
456 1621 505 1653 sit
522 1619 741 1653 resurrectio
761 1621 924 1662 corporis
943 1621 986 1653 ad
1006 1619 1157 1662 gloriam
1170 1624 1378 1661 aeternam3

71 1679 196 1706 secus,
220 1669 264 1701 ad
290 1678 444 1710 poenam
469 1677 661 1708 numquam
686 1665 894 1699 finiendam.
944 1667 1013 1699 His
1040 1665 1175 1711 defide
1193 1668 1378 1710 expositis

69 1715 193 1757 pergit
211 1715 342 1747 ceteris
356 1714 467 1745 rebus
485 1713 659 1745 utendum
676 1722 775 1752 esse3
794 1724 873 1745 nam
893 1724 974 1746 esse
997 1713 1141 1755 quidem
1160 1712 1379 1755 diligendas,

70 1761 133 1794 sed
154 1772 295 1793 omnem
314 1758 547 1792 dilectionem
567 1759 612 1791 ad
626 1759 742 1791 Deum
761 1758 1004 1793 referendam.
1032 1760 1149 1792 Deum
1167 1771 1252 1793 vero
1271 1761 1379 1794 nobis

68 1819 139 1840 nou
159 1807 242 1845 frui,
261 1807 325 1839 sed
343 1806 396 1838 uti
415 1805 460 1838 ad
479 1810 639 1838 nostram
659 1802 869 1838 utilitatem.
895 1807 1035 1845 Quibus
1052 1805 1253 1849 explicatis
1273 1807 1379 1839 doce·

69 1857 128 1886 tur
145 1854 257 1886 totius
274 1853 480 1895 scripturae
500 1851 770 1895 plenitudinem
791 1856 827 1884 et
844 1853 952 1886 finem
970 1863 1050 1885 esse
1069 1863 1233 1885 umorem
1251 1856 1288 1886 et
1306 1853 1379 1886 Dei

69 1903 226 1942 propter
243 1900 374 1942 ipsum,
395 1902 431 1931 et
449 1898 612 1941 proximi
632 1900 787 1940 propter
804 1899 935 1931 Deum.
985 1900 1100 1937 Quum
1120 1910 1236 1941 pauca
1255 1899 1298 1932 de
1316 1909 1379 1943 spe

68 1945 276 1979 addidisset
289 1945 444 1987 denique
463 1945 506 1977 ad
526 1944 640 1977 libros
658 1955 686 1976 s.
700 1944 794 1977 bene
812 1946 1023 1978 tractandos
1040 1946 1239 1988 interpreti
1256 1946 1377 1984 fidem,

70 2003 185 2035 spem,
212 1992 401 2025 caritatem
420 2002 498 2024 esse
517 1991 761 2023 necessariam
780 1992 952 2024 ostendit.

73 2052 112 2085 C.
135 2056 162 2084 1.
214 2052 270 2085 De
290 2050 428 2094 duplici
448 2051 572 2093 operis
590 2053 708 2094 parte,
733 2049 941 2083 inventione
958 2053 995 2084 et
1013 2051 1227 2092 elocutione,
1253 2056 1291 2086 et
1312 2063 1378 2097 spe

206 2096 337 2130 auxilii
360 2098 472 2130 divini
492 2098 527 2130 in
546 2108 658 2140 opere
671 2097 907 2140 perficiendo.

73 2141 113 2175 C.
132 2147 162 2177 2.
212 2143 241 2176 1.
262 2145 292 2177 D
306 2155 324 2177 e
349 2145 452 2177 inve
464 2145 529 2176 nti
542 2156 560 2176 o
572 2155 593 2176 n
606 2154 624 2176 e
648 2154 772 2177 eorum
797 2154 887 2188 quae
913 2145 1076 2178 docenda
1090 2150 1175 2180 suut
1190 2151 1222 2180 cc
1236 2156 1358 2191 propo

164 2193 293 2225 nenda.
344 2191 401 2224 De
420 2190 628 2224 discrimine
647 2201 767 2224 rerum
784 2194 821 2223 et
838 2190 1033 2232 signorum.

1237 2235 1252 2245 x
