1503 2465
161 129 208 167 17
212 127 238 167 4
522 124 758 166 AURELII
786 124 1103 166 AUGUSTINI

159 211 234 251 diu
252 210 403 262 itaque
424 213 583 248 natura
602 209 926 262 corrumpitur,
951 210 1070 249 inest
1096 209 1135 248 ei
1155 209 1342 257 bonum,
1371 221 1456 261 quo

157 267 380 319 privetur,
412 277 463 303 ac
489 276 569 316 per
593 263 679 303 hoc
705 265 742 303 si
775 270 961 303 naturae
998 265 1167 317 aliquid
1196 264 1459 314 remanebit,

160 321 280 374 quod
297 322 383 359 iam
404 321 627 372 corrumpi
653 325 866 372 nequeat,
898 318 1104 371 profecto
1129 325 1289 359 natura
1315 321 1459 359 incor-

158 376 387 428 ruptibilis
411 377 514 424 erit,
543 380 588 414 et
612 374 667 414 ad
687 373 772 413 hoc
790 380 878 413 tam
900 387 1106 427 magnum
1124 375 1287 414 bonum
1309 387 1459 414 corru-

158 434 313 484 ptione
334 432 634 484 perveniet.1)
692 431 747 469 At
765 429 803 468 si
822 433 1046 482 corrumpi
1063 443 1150 469 non
1170 431 1359 478 desinet,
1377 442 1460 469 nec

158 487 323 527 bonum
343 486 496 538 utique
515 483 680 524 habere
699 485 889 533 desinet,
906 498 992 537 quo
1009 498 1104 524 eam
1124 487 1269 538 possit
1285 487 1459 537 privare

161 543 407 594 corruptio.
455 541 596 588 Quam
615 542 650 580 si
671 541 850 594 penitus
868 546 1097 593 totamque
1118 543 1459 593 consumpserit,

158 599 263 638 ideo
289 597 458 636 nullum
491 596 655 636 bonum
688 596 845 643 inerit,
883 597 987 648 quia
1015 602 1175 635 natura
1208 596 1329 635 nulla
1359 596 1458 635 erit.

161 654 388 701 Quocirca
424 652 591 690 bonum
624 663 888 691 consumere
921 664 1008 690 non
1034 656 1186 704 potest
1214 652 1458 704 corruptio,

160 709 245 749 nisi
273 707 576 748 consumendo
604 712 821 746 naturam.
886 707 1041 746 Omnis
1069 719 1177 759 ergo
1202 713 1361 746 natura
1381 707 1459 745 bo-

157 778 260 804 num
281 770 363 813 est,
381 775 604 815 magnum,
619 763 655 801 si
676 764 898 815 corrumpi
918 774 1003 801 non
1024 767 1186 815 potest,
1206 775 1402 815 parvum,
1422 762 1461 801 si

157 825 331 872 potest3
364 818 519 871 negari
542 824 692 857 tamen
713 818 878 858 bonum
904 830 1027 867 esse,
1058 818 1143 857 nisi
1166 817 1301 857 stulte
1326 824 1458 869 atque

157 875 366 928 imperite
391 886 573 926 prorsus
599 886 687 912 non
719 878 884 925 potest.
945 873 1069 921 Quae
1102 875 1141 913 si
1173 873 1459 925 corruptione

160 931 452 978 consumitur,
475 940 556 968 nee
574 929 673 981 ipsa
692 929 921 982 corruptio
942 928 1203 977 remanebit,
1231 929 1365 977 nulla,
1383 928 1460 967 ubi

161 998 263 1027 esse
282 986 449 1037 possit,
474 984 748 1024 subsistente
768 991 939 1024 natura.

217 1042 263 1080 C.
279 1041 397 1080 Xlll.
423 1041 484 1079 Ac
501 1052 582 1091 per
601 1038 687 1079 hoc
705 1039 873 1079 nullum
888 1044 957 1079 est
969 1040 1087 1092 quod
1099 1039 1262 1079 dicitur
1280 1039 1458 1088 malum,

159 1099 200 1138 si
218 1097 386 1136 nullum
406 1096 465 1135 sit
481 1095 661 1134 bonum.
725 1094 815 1136 Sed
832 1096 997 1135 bonum
1018 1096 1137 1134 omni
1160 1095 1276 1134 malo
1303 1107 1459 1136 carens

159 1154 386 1205 integrum
411 1152 576 1190 bonum
605 1156 687 1190 est.
749 1151 829 1190 Cui
853 1163 960 1190 vero
984 1151 1103 1190 inest
1118 1152 1300 1199 malum,
1334 1151 1460 1190 vitia-

160 1217 253 1249 tum
286 1208 359 1247 vel
390 1207 603 1246 vitiosum
633 1206 797 1246 bonum
833 1212 921 1257 est3
959 1219 1041 1246 nec
1067 1208 1229 1246 malum
1255 1219 1462 1258 umquam

160 1269 314 1317 potest
333 1275 432 1302 esse
453 1262 612 1311 ullum,
636 1262 711 1302 ubi
728 1262 893 1302 bonum
918 1267 987 1301 est
1004 1263 1184 1302 nullum.
1244 1262 1369 1301 Unde
1388 1274 1460 1301 res

161 1320 275 1360 mira
293 1318 542 1366 conficitur,
556 1324 617 1366 ut,
635 1318 738 1371 quia
756 1319 898 1357 omnis
916 1324 1089 1367 natura,
1108 1319 1151 1357 in
1163 1323 1371 1371 quantum
1387 1329 1460 1355 na-

162 1381 265 1415 tura
286 1380 374 1423 est,
402 1374 565 1413 bonum
588 1379 675 1421 est,
705 1372 817 1412 nihil
835 1374 955 1413 aliud
974 1374 1059 1413 dici
1081 1374 1300 1421 videatur,
1329 1386 1462 1425 quum

162 1432 329 1470 vitiosa
353 1435 513 1468 natura
536 1429 656 1468 mala
674 1440 774 1468 esse
795 1434 953 1468 natura
972 1429 1158 1477 dicitur,
1192 1429 1280 1467 nisi
1298 1429 1463 1467 malum

166 1499 266 1527 esse
287 1485 405 1538 quod
429 1485 593 1524 bonum
616 1490 704 1532 est,
741 1496 822 1524 nec
841 1484 1004 1523 malum
1026 1497 1125 1524 esse
1145 1485 1228 1524 nisi
1249 1483 1368 1536 quod
1384 1484 1461 1523 bo-

165 1554 270 1582 num
293 1547 384 1589 est,
419 1541 628 1593 quoniam
646 1541 789 1579 omnis
809 1546 967 1579 natura
984 1540 1149 1579 bonum
1174 1545 1261 1587 est,
1288 1551 1373 1579 nec
1388 1551 1462 1578 res

167 1597 319 1650 aliqua
339 1596 457 1635 mala
475 1602 616 1644 esset,
640 1596 676 1635 si
696 1608 767 1635 res
787 1597 897 1647 ipsa,
924 1608 1036 1647 quae
1054 1596 1173 1634 mala
1191 1600 1280 1643 est,
1306 1600 1464 1633 natura

166 1665 253 1692 non
267 1660 402 1692 esset.
424 1650 524 1691 Non
542 1651 681 1704 igitur
698 1656 848 1702 potest
867 1663 967 1690 esse
987 1651 1262 1699 malum‚nisi
1281 1649 1464 1702 aliquod

165 1709 347 1748 bonum.
382 1706 512 1754 Quod
532 1718 664 1758 quum
684 1706 769 1746 dici
791 1706 997 1746 videatur
1015 1706 1221 1753 absurde,
1241 1704 1461 1745 connexio

166 1768 314 1802 tamen
344 1762 705 1801 ratiocinationis
735 1761 864 1801 huius
893 1762 1014 1800 velut
1035 1761 1355 1800 inevitabiliter
1380 1772 1461 1799 nos

169 1818 398 1871 compellit
418 1817 501 1855 hoc
520 1817 686 1857 (licere.
745 1818 799 1856 Et
826 1817 1068 1856 cavendum
1094 1822 1184 1864 est,
1220 1829 1273 1855 ne
1297 1816 1464 1856 incida-

168 1887 264 1913 mus
282 1876 325 1913 in
344 1873 465 1912 illam
485 1873 751 1912 sententiam
769 1871 1075 1924 propheticam
1088 1901 1099 1920 ,
1127 1872 1203 1911 ubi
1220 1872 1461 1924 legitur²):

177 1927 266 1968 Vae
290 1927 346 1967 eis
374 1927 447 1980 qni
469 1926 636 1976 dicant,
676 1928 789 1980 qaod
813 1927 966 1966 bonnm
993 1934 1056 1966 est
1077 1928 1256 1976 malum,
1289 1933 1330 1966 et
1355 1926 1468 1979 qnod

165 1985 324 2023 malum
342 1991 404 2023 est
421 1983 575 2021 bonnm
589 1996 604 2027 ‚·
628 1983 701 2035 qni
717 1983 866 2022 dicunt
881 1982 1075 2022 tenebras
1093 1983 1244 2029 lacem,
1272 1989 1313 2021 et
1330 1982 1462 2021 lucem

167 2039 391 2086 tenebras;
424 2037 496 2090 qai
513 2037 659 2078 dic-emt
676 2038 795 2078 dulce
815 2050 1030 2086 amarum,
1058 2044 1101 2077 et
1117 2050 1310 2076 amaram
1329 2037 1459 2076 dulce.

171 2170 252 2258 2)11)
271 2169 329 2225 lta
339 2170 427 2246 Regi.
446 2169 600 2211 etArn.3
620 2169 784 2210 sedAm„
805 2171 876 2210 Exn,
895 2171 1000 2204 Lov.:
1019 2169 1208 2214 corruptio
1227 2181 1302 2203 non
1313 2179 1460 2214 pernen.

248 2226 295 2249 es.
314 2227 345 2253 o,
363 2219 383 2247 ‘-
412 2240 418 2246 .
