1503 2465
326 117 717 158 ENCHIRIDION
751 117 828 158 AD
862 117 1153 159 LAURENT.
1316 120 1396 158 207

84 204 192 243 dere
211 215 293 242 nos
314 209 358 242 et
375 203 419 242 in
439 203 644 255 spiritum
664 208 882 252 sanctum,
910 203 1057 243 utilia
1075 205 1255 243 trinitas
1276 216 1395 243 com-

82 259 275 311 pleatur,
296 271 408 311 quae
426 258 550 297 Deus
572 264 654 297 est.
700 257 877 297 Deinde
897 266 1055 298 sancta
1073 272 1394 298 commemora-

81 321 155 354 tur
179 314 389 353 ecclesia.
450 313 577 353 Unde
599 314 731 352 datur
749 314 944 366 intelligi
974 315 1243 354 rationalem
1270 327 1392 354 crea-

79 376 227 410 turam
252 370 306 409 ad
335 370 620 408 Hierusalem
657 369 846 408 liberam
882 372 1256 422 pertinentem1)‚
1291 376 1396 423 post

82 427 555 466 commemorationem
583 425 826 474 creatoris,
860 425 906 464 id
935 431 1023 474 est,
1050 438 1247 465 summae
1272 427 1393 466 illius

80 481 322 528 trinitatis,
354 480 496 519 fnisse
526 481 824 520 subdendam:
853 482 1066 533 quoniam
1092 481 1305 534 quidquid
1338 482 1393 521 de

82 535 264 576 homine
294 535 473 575 Christo
514 536 682 575 dictum
717 542 804 585 est,
840 536 895 575 ad
927 539 1146 576 unitatem
1172 549 1392 590 personae

80 592 301 645 unigeniti
322 593 529 645 pertinet.
593 592 756 631 Rectus
777 594 927 644 itaque
947 591 1252 633 confessionis
1280 593 1392 632 ordo

80 647 321 700 poscebat,
355 656 403 686 ut
437 648 626 687 trinitati
657 648 1009 701 subiungeretur
1033 648 1250 697 ecclesia,
1284 654 1393 688 tam-

81 715 211 756 quam
232 701 476 742 habitatori
499 703 656 741 domus
679 716 758 742 sua
774 733 784 751 ,
819 709 863 742 et
883 703 982 743 Deo
1009 705 1220 756 templum
1249 718 1391 752 suum,

80 764 126 798 et
164 758 389 798 conditori
416 759 574 797 civitas
600 772 693 798 sna.
757 759 882 806 Quae
906 765 1005 799 tota
1031 758 1102 798 hic
1128 760 1394 811 accipienda

81 820 164 861 est,
185 827 273 853 non
293 814 436 853 solum
458 822 672 865 exparte,
693 828 778 867 qna
800 816 1113 868 peregrinatur
1130 816 1174 854 in
1193 816 1342 864 terris,
1368 828 1393 854 a

80 871 194 909 solis
216 875 316 908 ortu
336 882 476 922 usque
496 870 549 908 ati
573 883 783 909 occasum
810 871 997 910 laudans
1027 883 1187 910 nomen
1209 871 1391 910 Domini

82 932 126 965 et
146 931 249 978 post
267 926 571 977 captivitatem
594 927 831 965 vetustatis
857 933 1042 966 cantans
1069 927 1291 966 canticum
1315 939 1391 966 no-

82 994 205 1031 vum3
237 982 544 1020 verumetiam
565 981 731 1029 exilia,
760 983 937 1034 quaein
957 983 1098 1022 coelis
1117 994 1309 1034 semper,
1337 995 1393 1022 ex

83 1049 170 1090 quo
191 1037 374 1076 condita
393 1043 483 1082 est,
513 1036 718 1076 cohaesit
736 1037 856 1086 Deo,
883 1050 964 1077 nec
982 1038 1123 1078 ullum
1139 1038 1303 1077 malum
1324 1039 1393 1077 sui

85 1105 216 1132 casus
247 1098 434 1144 experta
463 1098 546 1132 est.
609 1093 732 1132 Haec
765 1094 808 1131 in
846 1094 1014 1132 sanctis
1049 1095 1223 1147 angelis
1260 1093 1395 1133 beata

83 1149 302 1201 persistit,
324 1154 368 1187 et
385 1161 492 1187 suae
512 1149 624 1200 parti
646 1149 950 1201 peregrinanti
972 1150 1090 1189 sicut
1103 1155 1283 1202 oportet
1302 1150 1395 1201 opi-

83 1204 277 1251 tulatur,
298 1204 403 1256 quia
419 1210 603 1256 utraque
624 1217 711 1243 una
733 1206 819 1243 erit
839 1205 1072 1244 consortio
1093 1206 1394 1253 aeternitatis,

86 1265 131 1298 et
150 1272 265 1297 nunc
284 1272 370 1297 una
390 1265 459 1298 cst
478 1260 654 1298 vinculo
677 1260 901 1309 caritatis,
927 1272 1040 1312 quae
1066 1266 1163 1300 tota
1186 1262 1396 1300 instituta

86 1320 157 1354 est
183 1314 237 1353 ad
261 1315 498 1353 colendum
530 1328 661 1354 unum
680 1314 839 1354 Deum.
901 1315 1027 1355 Unde
1054 1329 1136 1356 nec
1162 1321 1278 1363 tota,
1314 1328 1395 1354 nec

84 1370 177 1409 nlla
195 1383 296 1422 pars
319 1371 414 1409 eius
434 1371 527 1410 vult
545 1383 592 1409 se
613 1371 699 1409 coli
722 1384 800 1423 pro
819 1371 940 1420 Deo,
966 1384 1047 1411 nec
1067 1372 1271 1425 cuiquam
1293 1383 1393 1410 esse

84 1425 208 1464 Deus
235 1426 476 1478 pertinenti
503 1426 558 1464 ad
590 1427 802 1478 templum
829 1426 936 1475 Dei,
975 1427 1095 1480 quod
1129 1428 1395 1466 aedificatur

86 1493 142 1521 ex
160 1481 261 1530 diis,
289 1494 402 1533 quos
422 1480 532 1521 facit
551 1495 637 1520 non
660 1481 805 1521 factus
824 1482 962 1521 Deus.
1022 1484 1082 1522 Ac
1101 1495 1179 1535 per
1202 1481 1287 1522 hoc
1307 1484 1394 1534 spi-

83 1537 198 1576 ritus
218 1542 414 1583 sanctus,
434 1538 469 1575 si
491 1543 699 1576 creatura
719 1550 805 1577 non
826 1544 1005 1577 creator
1024 1544 1157 1585 esset,
1187 1538 1392 1591 profecto

85 1598 294 1631 creatura
326 1593 562 1632 rationalis
599 1598 733 1632 esset.
794 1593 895 1646 Ipsa
928 1598 996 1633 est
1024 1594 1193 1644 enim2)
1221 1606 1394 1633 summa

85 1653 315 1696 creatura3
361 1653 406 1686 et
441 1649 544 1687 ideo
580 1649 623 1687 in
655 1648 815 1701 regula
848 1648 1002 1698 fidei3)
1035 1664 1120 1688 non
1150 1655 1394 1702 poneretur

85 1710 188 1743 ante
210 1704 469 1751 ecclesiam,
498 1704 602 1755 quia
619 1710 663 1743 et
680 1705 776 1757 ipse
796 1705 851 1743 ad
876 1706 1115 1744 ecclesiam
1148 1707 1396 1759 pertineret

84 1759 129 1797 in
157 1759 236 1797 illa
262 1759 358 1798 eius
390 1765 537 1811 parte,
573 1772 685 1812 quae
713 1762 756 1799 in
788 1761 929 1800 coelis
949 1766 1031 1800 est.
1094 1759 1186 1801 Nec
1208 1759 1396 1799 haberet

84 1814 320 1866 templum,
349 1814 429 1853 sed
457 1816 589 1854 etiam
617 1815 710 1866 ipse
729 1816 941 1869 templum
964 1822 1086 1855 esset
1159 1816 1395 1869 Templum

86 1876 234 1908 autem
256 1869 404 1917 habet,
426 1870 479 1909 (le
500 1884 586 1922 qno
611 1871 719 1910 dicit
736 1872 970 1923 apostolus
985 1872 1046 1921 ῆι
1076 1871 1272 1918 Nescitis,
1293 1870 1394 1923 quia

86 1938 272 1977 corpora
294 1933 434 1965 vestra
453 1927 649 1978 templum
667 1927 778 1973 est5)
798 1927 974 1979 spiritns
992 1928 1146 1976 sancti,
1170 1926 1299 1980 quiin
1324 1939 1391 1965 vo-

89 1979 149 2019 bis
159 1988 235 2030 est,
249 1980 582 2034 quemlmbelisa
596 1980 715 2021 Deo?
732 1982 799 2022 De
812 1983 973 2036 quibus
990 1984 1079 2023 alio
1097 1984 1198 2023 loco
1214 1982 1389 2031 dicim:

118 2119 173 2159 ,1)
197 2117 254 2150 Cf.
274 2117 354 2150 Gal.
372 2122 410 2155 4,
438 2120 492 2151 ⁶26.
543 2118 579 2159 2)
599 2118 693 2157 „Sic
711 2121 820 2159 Mss.;
847 2125 883 2153 at
907 2121 1016 2153 edili:
1041 2121 1118 2164 ipse
1141 2120 1234 2152 enim
1263 2122 1395 2152 θεά-ΜΛ*

88 2164 176 2196 Bon.
225 2165 261 2204 53)
291 2163 317 2195 Ι.
337 2175 365 2196 e.
393 2166 427 2196 in
455 2164 620 2205 symbolo
647 2166 862 2207 apostolico,
892 2167 947 2199 Cf.
967 2179 993 2199 c.
1013 2171 1043 2199 8.
1091 2168 1128 2206 4)
1153 2171 1163 2198 1
1189 2168 1269 2198 (¹or.
1288 2169 1318 2202 fi,
1342 2167 1392 2197 19.

90 2213 125 2250 ὃ)
147 2211 209 2243 Sic
228 2211 264 2242 in
284 2211 373 2243 Mss.
394 2209 539 2252 legitur.
566 2212 788 2246 E‹1‹l.:sunc.
839 2215 874 2255 fi)
901 2218 909 2246 Ι
935 2214 1018 2246 Cor.
1037 2216 1067 2252 6,
1093 2216 1141 2245 15.
