1503 2465
120 116 197 157 146
477 113 714 155 AURELH
745 110 1065 153 AUGUSTIM

118 202 301 254 gravior
324 201 550 251 interpres
577 198 711 237 etiam
741 197 941 236 ordinem
968 195 1126 235 maluit
1151 200 1306 235 tenere
1331 207 1427 234 ver-

115 256 291 296 borum.
355 255 453 303 Quo
486 253 621 293 modo
656 259 803 293 autem
843 251 929 291 hoe
962 254 1004 291 in
1034 251 1209 290 Graeco
1245 251 1428 303 eloquio

117 318 271 360 sonet,
305 323 392 363 quo
420 315 489 349 est
512 310 690 350 locutus
717 308 972 360 apostolus,
1008 306 1203 346 viderint
1222 306 1317 345 eius
1338 307 1430 345 elo-

119 368 210 420 quii
231 378 373 419 usque
393 367 446 405 ad
466 366 555 404 ista
574 365 818 404 doctiores.
857 361 971 403 Mihi
989 368 1139 402 tamen
1160 362 1279 414 quod
1299 361 1431 400 nobis

120 423 280 462 eodem
306 422 546 461 verborum
575 421 732 460 ordine
756 421 1098 471 interpretatum
1134 422 1224 466 est,
1258 429 1341 456 nee
1368 416 1431 456 ibi

118 478 297 517 videtur
331 488 513 517 currere
546 488 799 515 numerose.
862 474 977 514 Sane
1013 472 1128 512 hune
1158 472 1431 512 elocutionis

121 539 350 581 ornatum,
379 533 453 585 qui
479 533 731 571 numerosis
761 532 809 570 fit
834 530 1071 577 clausulis,
1104 528 1263 568 deesse
1289 527 1432 566 faten-

121 590 224 629 dum
245 595 313 628 est
332 587 594 627 auctoribus
619 588 802 627 nostris.
865 585 995 634 Quod
1021 590 1167 624 utrum
1191 596 1271 636 per
1296 583 1432 622 inter-

118 651 271 699 pretes
296 643 465 685 factum
489 643 566 692 sit,
594 655 647 682 an
669 642 805 695 (quod
827 642 969 694 magis
988 640 1201 689 arbitror)
1224 637 1431 678 consulto

119 701 186 740 illi
214 699 324 739 haee
356 699 615 752 plausibilia
633 698 952 746 devitaverint,
985 696 1222 736 adfirmare
1244 708 1329 733 non
1356 706 1430 732 au-

123 757 224 805 deo,
245 757 454 808 quoniam
474 766 545 794 me
566 753 715 793 fateor
731 755 958 807 ignorare.
1018 751 1134 791 Illud
1151 756 1299 790 tamen
1319 749 1431 798 seio,

122 812 241 865 quod
273 813 311 850 si
338 813 573 864 quisquam
600 809 731 849 huius
762 809 1100 848 numerositatis
1131 807 1300 860 peritus
1330 805 1431 844 illo-

120 880 217 907 rum
239 867 465 906 clausulas
486 865 744 905 eorumdem
764 877 1049 904 numerorum
1069 863 1170 916 lege
1193 866 1433 914 componat

125 923 263 975 (quod
291 922 507 962 facillime
536 922 584 960 fit
612 922 796 961 mutatis
821 919 1083 973 quibusdam
1114 917 1283 966 verbis,
1318 927 1431 969 quae

122 979 399 1018 tantumdem
426 977 758 1030 significatione
782 977 954 1023 valent,
983 976 1054 1015 vel
1081 978 1250 1014 mutato
1279 984 1430 1014 eorum

126 1047 239 1086 quae
274 1034 497 1073 invenerit
531 1033 732 1082 ordine),
770 1030 883 1072 nihil
914 1032 1118 1079 illorum,
1162 1040 1275 1083 quae
1308 1028 1433 1067 velut

123 1102 288 1143 magna
305 1091 349 1129 in
371 1088 540 1129 scholis
560 1088 953 1141 grammaticorum
974 1094 1049 1126 aut
1068 1085 1298 1125 rhetorum
1320 1083 1432 1123 didi-

126 1147 207 1195 cit,
244 1145 335 1184 illis
362 1145 524 1184 divinis
549 1145 656 1184 viris
685 1143 885 1183 defuisse
922 1147 1188 1195 cognoscet3
1227 1146 1271 1179 et
1294 1139 1434 1179 multa

124 1201 326 1253 reperiet
349 1201 594 1240 locutionis
621 1212 790 1253 genera
812 1200 926 1238 tanti
958 1199 1156 1245 decoris,
1193 1207 1305 1249 quae
1341 1194 1434 1247 qui-

128 1257 227 1296 dem
252 1264 297 1296 et
323 1258 366 1295 in
393 1261 573 1303 nostra,
611 1255 691 1295 sed
714 1255 905 1294 maxime
929 1254 973 1293 in
999 1266 1079 1293 sua
1097 1253 1251 1305 lingua
1269 1251 1435 1290 decora

127 1319 244 1360 sunt,
265 1325 454 1366 quorum
473 1311 640 1351 nullum
660 1313 703 1351 in
725 1312 804 1358 eis,
819 1311 977 1363 quibus
996 1310 1073 1349 isti
1092 1307 1315 1355 inflantur,
1337 1306 1435 1345 lite-

126 1370 188 1407 ris
214 1369 454 1408 invenitur.
515 1367 604 1407 Sed
632 1367 875 1407 cavendum
906 1372 994 1415 est,
1027 1378 1080 1404 ne
1106 1363 1268 1404 divinis
1293 1362 1437 1415 gravi-

127 1425 300 1476 busque
321 1423 573 1471 sententiis,
602 1423 702 1462 dum
722 1423 902 1462 additur
919 1433 1144 1468 numerus,
1170 1418 1342 1472 pondus
1362 1417 1435 1457 de-

127 1479 348 1520 trahatur.
409 1478 520 1522 Nam
542 1479 621 1518 illa
639 1479 811 1518 musica
829 1478 1090 1529 disciplina,
1125 1476 1198 1515 ubi
1226 1485 1436 1513 numerus

128 1538 216 1576 iste
237 1536 498 1588 plenissime
519 1534 729 1583 discitur,
764 1546 903 1586 usque
924 1533 1038 1571 adeo
1065 1544 1152 1571 non
1172 1530 1315 1570 defuit
1337 1541 1435 1581 pro-

129 1591 278 1644 phetis
299 1593 483 1640 nostris,
503 1596 552 1629 ut
570 1591 636 1629 vir
650 1590 938 1629 doctissimus
954 1588 1260 1640 Hieronymus
1276 1587 1314 1634 ยน)
1330 1596 1436 1636 quo-

130 1647 330 1686 rumdam
352 1647 486 1687 etiam
505 1651 648 1685 metra
668 1650 1002 1691 commemoret,
1022 1645 1065 1683 in
1088 1643 1297 1682 Hebraea
1316 1640 1441 1679 dum-

131 1709 257 1743 taxat
278 1703 454 1755 lingua,
491 1702 618 1742 euius
644 1707 691 1741 ut
719 1701 950 1740 veritatem
976 1704 1178 1738 servaret
1204 1698 1247 1736 in
1272 1695 1436 1743 vei-bis,

131 1757 244 1798 haee
277 1758 379 1797 inde
415 1770 501 1797 non
535 1757 781 1797 transtulit.
839 1757 937 1808 Ego
970 1761 1117 1794 autem
1146 1758 1194 1793 ut
1223 1752 1276 1792 de
1303 1763 1439 1791 sensu

131 1826 231 1854 meo
252 1814 431 1865 loquar,
464 1814 535 1866 qui
556 1812 662 1852 mihi
683 1825 812 1866 quam
830 1812 929 1851 aliis
951 1817 995 1850 et
1014 1823 1142 1863 quam
1161 1808 1350 1848 aliorum
1370 1810 1440 1846 est

132 1870 287 1922 utique
306 1870 477 1917 notior,
514 1869 631 1909 sieut
648 1870 690 1908 in
711 1881 809 1908 meo
830 1867 1034 1920 eloquio,
1060 1870 1269 1919 quantum
1287 1861 1440 1902 mode-

134 1930 202 1964 ste
241 1925 336 1964 fieri
359 1924 572 1973 arbitror,
617 1937 703 1963 non
738 1923 1046 1976 praetermitto
1082 1923 1195 1961 istos
1230 1929 1439 1959 numeros

136 1980 458 2028 clausularum,
491 1981 556 2019 ita
581 1981 621 2018 in
642 1977 901 2019 auctoribus
922 1977 1090 2017 nostris
1111 1975 1196 2015 hoe
1215 1972 1320 2014 mihi
1341 1972 1440 2026 plus

135 2036 305 2088 placet,
341 2035 461 2087 quod
494 2035 554 2074 ibi
584 2048 663 2075 eos
699 2035 929 2077 rarissime
964 2033 1160 2072 invenio.
1226 2027 1439 2070 Grande

135 2096 284 2130 autem
312 2091 525 2131 dicendi
552 2103 725 2144 genus
754 2089 840 2130 hoc
866 2088 1056 2130 maxime
1092 2087 1230 2127 distat
1262 2085 1317 2126 ab
1349 2084 1439 2124 isto

182 2212 217 2254 l)
236 2211 280 2244 In
300 2210 452 2255 prologo
470 2223 579 2255 super
598 2211 674 2244 Iob.
