1503 2465
222 126 302 166 DE
333 125 634 168 DOCTRINA
669 126 900 167 CHRIST.
958 125 1071 166 LlB.
1104 124 1180 166 IV,
1274 125 1353 166 157

43 213 177 260 ratio,
190 224 270 251 nec
288 211 342 251 ad
364 212 587 252 actionem
601 211 848 264 quamlibet
866 210 1077 250 adsensio
1092 209 1353 263 requiritur,

41 268 85 307 in
110 280 392 320 quocumque
417 268 508 307 alio
542 279 709 320 genere
741 268 1009 315 occurrerit,
1052 279 1194 319 genus
1230 264 1354 305 adhi-

39 323 233 363 bendum
252 330 296 362 et
313 323 689 376 interponendum
705 328 773 361 est
789 329 1100 375 temperatum.
1127 322 1174 360 In
1191 321 1353 375 grandi

41 391 149 431 ergo
178 391 342 430 genere
371 379 603 418 inveniunt
628 379 756 418 locos
784 391 890 417 suos
917 379 1004 417 duo
1035 384 1208 426 cetera,
1239 379 1352 417 etin

39 435 263 474 submisso
292 435 515 474 similiter.
577 435 895 485 'l'emperatum
920 439 1068 473 autem
1093 446 1234 486 genus
1263 445 1352 472 non

40 490 219 543 quidem
238 502 430 542 semper,
459 490 538 530 sed
558 496 708 529 tamen
727 490 968 543 aliquando
990 490 1215 529 submisso
1236 489 1350 529 indi-

38 553 129 598 get,
156 547 209 593 si,
237 551 284 585 ut
304 546 411 595 dixi,
437 546 664 598 quaestio,
692 546 816 585 cuius
836 545 981 585 nodus
1001 552 1071 585 est
1089 545 1351 594 solvendus,

36 603 256 649 incurrat,
282 602 355 641 vel
373 602 550 655 quando
571 601 804 649 nonnulla,
841 613 955 655 quae
976 602 1126 641 ornari
1146 607 1350 654 possent,

35 657 139 696 ideo
160 670 248 699 non
277 664 513 706 ornantur,
549 657 626 696 sed
649 657 871 697 submisso
897 670 1106 698 sermone
1126 659 1351 706 dicuntur,

34 720 84 753 ut
112 712 376 765 quibusdam
403 713 531 766 quasi
558 713 670 752 toris
702 719 1069 753 ornamentorum
1106 713 1352 767 praebeant

37 769 382 808 eminentiorem
409 770 573 809 locum.
637 768 816 808 Grande
845 775 994 809 autem
1019 781 1162 822 genus
1181 775 1350 822 tempe-

33 832 132 863 rata
159 824 297 864 dictio
324 838 413 863 non
438 825 646 878 requirit;
680 826 734 865 ad
754 825 1048 865 delectandos
1069 825 1230 879 quippe
1258 826 1349 865 ani·

34 893 146 927 mos,
175 893 259 918 non
280 880 336 919 ad
352 880 599 920 movendos
618 883 717 934 ipsa
734 881 990 934 suscipitur.

92 936 137 974 C.
160 935 321 975 XXIV,
381 935 480 975 Non
508 949 616 976 sane
641 938 679 976 si
705 937 871 976 dicenti
900 938 1104 977 crebrius
1139 942 1184 976 et
1217 934 1349 976 vehe-

33 991 228 1031 mentius
249 991 546 1040 adclametur,
572 992 676 1031 ideo
699 993 931 1046 granditer
949 993 1174 1045 putandus
1196 998 1266 1032 est
1285 992 1348 1031 di-

34 1059 160 1097 cere3
195 1045 280 1086 boc
305 1048 421 1087 enim
448 1054 493 1087 et
518 1050 723 1088 acumina
749 1049 958 1089 submissi
980 1051 1184 1103 generis,
1215 1054 1260 1088 et
1279 1060 1347 1087 or-

33 1109 244 1142 namenta
276 1102 449 1143 faciunt
483 1105 734 1156 temperati.
804 1104 984 1145 Grande
1018 1112 1170 1144 autem
1205 1117 1346 1157 genus

34 1160 295 1212 plerumque
325 1160 526 1211 pondere
545 1174 626 1199 suo
648 1173 783 1200 voces
811 1162 990 1213 premit,
1027 1161 1107 1200 sed
1137 1161 1346 1200 lacrimas

35 1215 258 1268 exprimit.
321 1215 524 1269 Denique
545 1229 676 1268 quum
696 1217 812 1269 apud
832 1217 1102 1256 Caesaream
1120 1217 1346 1256 Maureta-

32 1272 134 1310 niae
157 1270 322 1324 populo
345 1271 654 1312 dissuaderem
674 1285 864 1325 pugnam
885 1273 1078 1321 civilem,
1105 1273 1176 1311 vel
1195 1272 1345 1325 potius

33 1327 133 1381 plus
156 1339 286 1380 quam
307 1328 505 1375 civilem,
534 1341 663 1380 quam
683 1336 909 1368 catervam
938 1329 1162 1368 vocabant
1183 1331 1345 1381 (neque

35 1388 152 1422 enim
172 1383 292 1422 cives
313 1384 638 1433 tantummodo,
659 1397 810 1424 verum
832 1385 964 1423 etiam
982 1386 1237 1437 propinqui,
1260 1383 1349 1422 fra-

34 1445 148 1487 tres,
176 1444 408 1490 postremo
430 1446 642 1491 parentes
664 1453 714 1479 ac
731 1441 812 1478 filii
839 1441 1061 1492 lapidibus
1087 1441 1205 1479 inter
1231 1452 1278 1479 se
1302 1440 1349 1479 in

36 1494 147 1534 duas
168 1500 317 1547 partes
338 1495 490 1544 divisi,
527 1508 606 1547 per
634 1497 807 1548 aliquot
833 1496 928 1535 dies
957 1498 1194 1536 continuos
1222 1502 1347 1535 certo

36 1558 239 1603 tempore
261 1551 362 1590 anni
383 1551 666 1590 sollemniter
695 1552 988 1600 dimicabant,
1018 1557 1062 1591 et
1087 1553 1275 1605 quisque
1301 1559 1350 1592 ut

39 1618 260 1658 quemque
282 1612 461 1659 poterat
487 1608 764 1656 occidebat),
792 1609 865 1661 egi
893 1607 1071 1660 quidem
1099 1608 1347 1661 granditer,

38 1669 252 1714 quantum
284 1663 422 1710 valui,
460 1668 506 1702 ut
539 1670 629 1702 tam
662 1664 845 1703 crudele
878 1671 1012 1716 atque
1048 1665 1349 1703 inveteratum

37 1718 201 1757 malum
217 1718 270 1756 de
292 1718 503 1758 cordibus
525 1725 568 1758 et
587 1720 786 1759 moribus
807 1732 960 1759 eorum
978 1720 1236 1768 avellerem,
1256 1719 1347 1772 pel-

38 1773 495 1826 leremquedicendo3
516 1788 605 1814 non
625 1781 774 1815 tamen
795 1776 943 1828 egisse
965 1777 1132 1829 aliquid
1145 1789 1212 1815 me
1225 1782 1347 1829 puta·

39 1830 96 1877 ri,
118 1843 250 1882 quum
271 1842 350 1869 eos
372 1831 573 1870 audire-,m
592 1831 911 1881 adclamantes,
933 1832 1012 1872 sed
1034 1846 1164 1885 quum
1186 1831 1346 1871 flentes

38 1885 254 1924 viderem.
306 1886 720 1926 Adclamationibus
740 1889 904 1940 quippe
924 1901 972 1928 se
989 1888 1144 1927 doceri
1164 1894 1208 1927 et
1229 1888 1349 1927 dele·

42 1941 170 1987 ctari,
195 1940 315 1980 flecti
337 1949 484 1980 autem
505 1942 701 1981 lacrimis
723 1943 995 1984 indicabant.
1036 1944 1157 1992 Quas
1177 1944 1251 1983 ubi
1273 1944 1347 1983 ad-

43 1996 425 2048 spexi,immanem
441 1998 560 2036 illam
573 1999 941 2039 consuetudinem
953 2000 1188 2052 apat1·ibus
1201 2005 1245 2038 et
1255 1999 1348 2038 avis

41 2051 270 2103 longeque
293 2064 316 2090 a
333 2053 580 2092 maioribus
600 2054 823 2103 traditam,
854 2068 966 2109 quae
987 2061 1173 2108 pectora
1194 2067 1351 2094 eorum

42 2106 275 2146 hostiliter
294 2108 545 2153 obsidebat,
567 2110 636 2148 vel
654 2112 804 2162 potius
822 2112 1102 2162 possidebat,
1129 2111 1350 2150 devictam

42 2169 282 2215 antequam
301 2175 347 2203 re
363 2165 458 2216 ipsa
476 2164 519 2203 id
536 2164 842 2214 ostenderent,
855 2167 1041 2211 credidi,
1054 2179 1245 2219 moxque
1260 2178 1350 2205 ser-

41 2230 174 2258 mone
196 2219 319 2258 finito
340 2220 394 2259 ad
417 2220 613 2273 agendas
633 2221 731 2262 Deo
752 2225 921 2275 gratias
949 2223 1088 2263 corda
1111 2231 1243 2276 atque
1273 2233 1353 2262 ora
