1503 2465
329 97 726 140 ENCHIRIDION
755 100 833 140 AD
867 98 1159 141 LAURENT.
1320 102 1398 140 247

141 181 188 221 C.
217 180 372 221 CXIII.
433 183 639 224 Manebit
671 197 781 238 ergo
811 185 909 225 sine
941 186 1027 225 fine
1054 199 1175 227 mors
1201 187 1281 226 illa
1303 199 1402 239 per-

83 243 222 290 petua
247 235 581 288 damnatorum,
615 240 661 279 id
687 247 778 290 est,
816 241 1032 281 alienatio
1059 255 1085 282 a
1107 244 1199 283 vita
1216 243 1321 291 Dei,
1359 249 1404 282 et

45 302 46 305 ’
85 293 293 332 omnibus
319 294 407 333 erit
430 296 531 347 ipsa
554 297 826 346 communis,
863 297 1096 350 quaelibet
1115 297 1321 338 homines
1347 298 1401 338 de,

83 349 305 389 varietate
331 361 600 402 poena-rum,
634 351 688 391 de
714 352 922 392 dolorum
950 355 1230 394 revelatione
1253 354 1322 393 vel
1340 354 1404 392 in-

81 405 374 445 termissione
409 417 488 458 pro
525 406 618 446 suis
649 405 853 447 humanis
877 409 1074 450 motibus
1101 412 1402 463 suspicentur,

83 460 204 499 sicut
247 461 448 500 manebit
487 464 785 503 communiter
828 466 1023 504 omnium
1073 466 1166 505 vita
1215 471 1404 505 aeterna

82 521 366 566 sanctorum,
407 517 610 570 qualibet
635 516 857 559 honorum
877 519 1094 561 distantia
1112 521 1404 561 concorditer

80 570 306 624 fulgeant.

140 628 188 667 C.
215 627 370 668 CXIV.
436 628 504 669 Ex
535 631 648 669 ista
687 628 824 670 fidei
864 631 1245 682 confessione,
1286 644 1401 685 quae

78 683 282 722 breviter
308 683 516 736 symbolo
545 688 825 735 continetur,
862 692 907 727 et
931 689 1174 728 carnaliter
1198 689 1402 740 cogitata

79 737 152 778 Iac
179 745 248 778 est
272 740 585 791 parvulorum,
621 742 890 794 spiritaliter
924 748 1072 783 autem
1110 744 1401 784 considerata

80 800 216 846 atque
234 800 430 835 tractata
444 796 570 836 cibus
591 804 660 837 est
678 796 880 848 fortium,
901 801 1102 839 nascitur
1121 814 1139 838 s
1152 814 1176 853 p
1190 812 1242 839 es
1261 800 1287 839 b
1301 812 1400 839 ona

79 848 360 901 fidelium,
381 852 463 891 cui
483 854 686 892 caritas
715 860 903 894 sancta
934 856 1246 895 comitatur.
1310 856 1399 895 Sed

80 906 137 945 (le
159 906 225 945 eis
245 907 467 956 omnibus,
492 920 606 960 quae
626 909 823 949 fideliter
841 916 945 949 sunt
963 911 1204 960 credenda,
1234 924 1286 951 ea
1304 917 1399 950 tan-

78 967 175 1001 tum
198 962 255 1001 ad
279 975 403 1015 spem
432 965 681 1015 pertinent,
717 977 830 1017 quae
859 967 903 1005 in
935 968 1141 1007 oratione
1172 967 1400 1006 dominica

78 1018 382 1058 continentur.
446 1017 701 1059 Maledictus
721 1022 837 1060 enim
859 1021 1008 1071 omnis,
1030 1023 1148 1062 sicut
1166 1023 1317 1062 divina
1334 1029 1399 1062 te-

77 1079 257 1113 stantur
276 1074 459 1127 eloquia
479 1077 536 1125 ¹),
563 1075 638 1128 qui
653 1089 768 1129 spem
783 1076 911 1129 ponit
934 1077 979 1117 in
1007 1078 1208 1127 leontiae,-
1243 1092 1294 1118 ac
1319 1091 1400 1130 per

77 1127 168 1168 hoc
194 1136 239 1169 et
262 1131 306 1169 in
331 1142 379 1169 se
416 1131 515 1183 ipso
546 1132 621 1185 qui
653 1145 779 1184 spem
814 1135 960 1186 ponit,
997 1132 1129 1173 huius
1165 1134 1397 1174 maledicti

76 1185 259 1225 vinculo
280 1186 541 1226 innectitur.
602 1188 710 1227 Ideo
741 1201 839 1228 non
867 1190 971 1228 nisi
996 1203 1020 1228 a
1038 1190 1262 1230 Domino
1283 1190 1397 1230 Deo

76 1247 265 1294 petere
290 1242 568 1292 debemus,
599 1244 814 1297 quidquid
835 1257 1068 1296 speramus
1089 1260 1172 1285 nos
1193 1246 1263 1285 vel
1282 1246 1398 1286 bene

80 1302 350 1350 operaturos
366 1328 376 1346 ,
404 1300 475 1338 vel
492 1311 573 1351 pro
594 1300 727 1339 bonis
749 1301 963 1353 operibus
982 1302 1242 1354 adepturos.

134 1352 332 1393 0va.
360 1353 558 1394 Proinde
584 1355 701 1407 apud
723 1357 1048 1409 evangelistam
1062 1357 1397 1408 Matthaeum2)

77 1414 251 1461 septem
271 1409 515 1461 petitiones
535 1412 768 1451 continere
789 1412 1015 1452 dominica
1037 1413 1213 1452 videtur
1234 1416 1400 1462 oratio,

78 1477 266 1516 quarum
293 1465 435 1505 tribus
463 1471 648 1506 aeterna
679 1473 946 1521 poscuntur,
982 1469 1170 1522 reliquis
1205 1477 1399 1522 quatuor

76 1520 366 1573 temporalia,
394 1534 508 1574 quae
535 1528 683 1562 tamen
704 1529 890 1576 propter
908 1530 1095 1564 aeterna
1115 1537 1396 1577 consequen·

77 1576 135 1615 da
154 1582 257 1615 sunt
276 1578 549 1617 necessaria.
612 1578 722 1618 Nam
749 1580 869 1632 quod
899 1580 1112 1619 dicimus:
1141 1580 1396 1635 Sanctifice—

77 1638 151 1670 lnr
174 1645 328 1671 nomen
353 1639 500 1681 tantu,-
530 1634 735 1673 adveniat
758 1649 940 1687 regnum
965 1643 1114 1682 mmm·
1133 1635 1226 1689 fiat
1251 1638 1395 1676 volun-

77 1693 144 1726 tas
163 1694 260 1735 tua,
293 1686 408 1727 sicut
422 1687 467 1727 in
485 1691 625 1738 coelo,
661 1697 703 1730 εἰ
718 1690 763 1730 in
781 1698 901 1731 terra
922 1692 1060 1744 (quod
1086 1706 1172 1730 non
1200 1693 1395 1732 absurde

76 1742 258 1793 quidam
279 1744 624 1785 intellexerunt:
648 1746 691 1785 in
711 1746 874 1799 spiritu
898 1754 942 1787 et
962 1748 1393 1799 ‹torporejpomnino

75 1799 176 1837 sine
198 1799 284 1838 fine
304 1800 543 1840 retinenda
560 1807 684 1851 sunt3
718 1809 762 1841 et
782 1801 853 1842 hic
879 1802 1150 1842 inchoantur
1166 1809 1180 1827 ‘²
1196 1808 1204 1846 )
1220 1833 1229 1851 ‚
1258 1817 1394 1856 quan-

75 1859 260 1907 tumque
280 1855 558 1907 proficimus,
579 1863 802 1910 augentur
820 1859 863 1897 in
885 1859 1030 1907 nobis,
1052 1859 1254 1911 perfecta
1271 1872 1394 1908 vero,

76 1910 198 1961 quod
219 1911 259 1949 in
281 1911 372 1949 alia
388 1913 480 1951 vita
498 1914 765 1965 sperandum
788 1920 877 1963 est,
902 1927 1079 1966 semper
1098 1915 1394 1966 possidebun-

72 1970 161 2004 tur.
225 1966 357 2013 Quod
382 1979 490 2007 vero
516 1969 726 2009 dicimus:
762 1968 925 2010 Panem
951 1978 1144 2010 nostrum
1173 1969 1390 2023 qnotidia-

126 2158 159 2191 1)
182 2155 309 2188 [οι-ειη.
338 2157 397 2194 17,
426 2159 454 2189 5.
506 2159 543 2196 2)
565 2158 603 2189 C.
623 2161 661 2195 ti,
688 2160 717 2189 9.
744 2171 790 2191 ss.
843 2162 878 2195 23)
908 2158 963 2191 Ita
993 2158 1159 2202 plerique
1186 2160 1297 2199 Mssu,
1325 2157 1391 2192 aL:

76 2207 111 2235 cc
132 2202 188 2235 let-'c
207 2203 405 2242 inchoata,
432 2204 1006 2250 qnantum(nmqueprosi«lmus.
