1503 2465
215 150 294 191 DE
326 150 630 190 DOCTRINA
663 151 893 191 CHRIST.
956 150 1069 190 [ΑΒ.
1100 150 1134 190 1.
1284 150 1330 190 31

19 236 153 276 sedes
174 237 440 275 aeternitas:
463 241 694 274 aeternum
712 242 861 274 autem
880 235 1113 274 ardentius
1130 234 1337 287 diligitur

20 292 252 344 adeptum,
280 305 410 344 quam
431 291 759 339 desideratum3
787 291 896 330 nulli
919 291 1036 330 enim
1056 290 1335 330 desideranti

21 348 287 387 conceditur
308 347 405 399 plus
427 346 481 386 de
499 347 580 385 illo
603 347 1023 399 existimare‚quani
1044 359 1093 386 se
1117 345 1267 394 habet,
1292 353 1339 385 ut

22 404 65 444 ei
84 403 288 451 vilescat,
309 416 442 456 quum
460 403 606 442 minus
624 403 667 442 in
677 404 867 452 renerit3
888 403 969 442 sed
987 409 1199 455 quantum
1220 404 1338 454 quis-

23 472 108 513 que
131 459 313 498 veniens
336 459 597 499 existimare
617 458 837 512 potuerit,
863 459 962 510 plus
988 459 1255 513 perveniens
1277 458 1339 496 in-

22 521 238 555 venturus
259 520 343 554 est.

79 571 126 611 C.
148 570 356 610 XXXIX.
402 570 549 611 Homo
569 570 722 623 itaque
744 569 847 620 fide,
869 583 947 624 spe
968 576 1012 610 et
1032 570 1220 610 caritate
1241 570 1341 609 sub-

23 628 169 675 nixus,
183 639 324 679 eaque
344 627 613 666 inconcusse
637 627 840 666 retinens
856 641 944 666 non
961 626 1138 679 indiget
1151 626 1341 678 scriptu-

24 683 85 722 ris
111 683 197 722 nisi
220 683 276 722 ad
304 682 420 722 alios
440 682 748 722 instruendos.
809 682 964 735 ltaque
984 682 1109 721 inulti
1132 695 1211 734 per
1231 680 1342 720 haec.

23 740 112 778 tria
131 739 266 778 etiam
283 740 328 778 in
347 738 594 778 solitudine
614 739 711 778 sine
732 739 966 778 codicibus
984 739 1152 777 vivunt.
1215 737 1342 777 Unde

24 795 69 833 in
114 795 203 834 illis
244 795 442 834 arbitror
474 795 561 833 iam
601 795 834 847 impletum
876 806 976 834 esse
1020 794 1142 846 quod
1174 793 1343 833 dictum

26 856 96 890 est
113 853 170 899 ¹):
204 849 299 889 Sive
313 849 573 902 prophetiae
591 850 936 901 evacuabuntur,
960 849 1046 890 sive
1063 849 1240 904 linguae
1258 862 1342 889 ces-

25 905 194 954 saltant,
215 906 301 945 sive
319 905 500 945 scientia
518 905 812 946 evacuabitur.
858 906 1031 955 Quibus
1049 912 1199 945 tamen
1216 905 1340 958 quasi

27 960 246 1002 machinis
282 968 408 1001 tanta
442 962 544 1001 fidei
581 968 626 1002 et
658 963 863 1002 caritatis
896 964 937 1002 in
967 963 1032 1002 eis
1060 963 1259 1002 surrexit
1280 962 1341 1000 in-

28 1018 240 1066 structio,
267 1024 313 1057 ut
337 1017 586 1069 perfectum
613 1018 786 1072 aliquid
805 1023 1013 1058 tenentes
1035 1030 1088 1058 ea
1107 1030 1220 1070 quae
1241 1025 1345 1056 sunt

29 1086 85 1113 ex
104 1080 231 1126 parte
251 1087 336 1112 non
357 1080 593 1126 quaerant:
628 1074 878 1126 perfectum
897 1087 1005 1114 sane
1021 1105 1031 1123 ‚
1059 1080 1274 1127 quantum
1300 1075 1344 1112 in

29 1128 112 1168 hac
145 1130 235 1168 vita
265 1134 436 1182 potest;
472 1143 570 1168 nam
601 1130 644 1170 in
666 1131 1005 1183 comparatione
1025 1129 1204 1170 futurae
1227 1130 1344 1168 vitae

30 1186 196 1225 nullius
218 1186 320 1224 iusti
343 1193 386 1224 vt
405 1188 545 1225 sancti
568 1192 638 1225 est
659 1187 749 1226 vita
767 1187 855 1225 ista
875 1185 1089 1240 perfecta.
1129 1186 1237 1225 Ideo
1257 1198 1345 1225 ma-

30 1249 146 1289 nent,
179 1242 394 1294 inquit2)‚
419 1240 549 1295 fides,
581 1255 687 1294 spes,
722 1241 899 1291 caritas,
928 1242 1014 1281 tria
1037 1241 1174 1290 haec-5
1205 1240 1347 1281 nmior

31 1304 175 1336 autem
205 1296 361 1336 Ιιονιιηι
389 1305 451 1336 est
480 1297 667 1337 caritas.-
701 1298 807 1352 quia
831 1304 877 1338 et
904 1311 1039 1351 quum
1066 1299 1256 1351 quisque
1289 1298 1342 1337 ad

31 1359 217 1392 aeterna
236 1354 507 1405 pervenerit,
525 1353 699 1393 duobus
720 1356 818 1394 istis
833 1354 1159 1394 decedentibus
1180 1355 1346 1393 caritas

30 1410 208 1448 auctior
227 1419 271 1448 et
290 1411 459 1448 certior
479 1410 771 1461 permanebit.

87 1466 133 1503 C.
172 1464 265 1504 XL.
340 1465 626 1517 Quapropter
669 1479 802 1519 quum
847 1467 1037 1520 quisque
1077 1467 1347 1519 cognoverit

18 1519 160 1576 finem
183 1519 411 1573 praecepti
435 1534 520 1560 esse
552 1521 782 1561 caritatem
807 1521 856 1562 (Ie
879 1522 1008 1562 corde
1030 1535 1145 1574 puro
1179 1528 1221 1561 et
1245 1535 1344 1561 cote-

29 1576 211 1616 scientia
236 1577 348 1616 boma
372 1575 513 1630 etfide
539 1576 824 1631 notefictass),
862 1590 1038 1617 omnem
1063 1578 1345 1617 intellectum

32 1631 280 1672 divinarum
303 1633 625 1685 scripturarum
645 1633 701 1672 ad
720 1634 807 1673 ista
823 1635 914 1674 tria
933 1634 1158 1673 relaturus
1179 1634 1234 1673 ad
1258 1640 1345 1673 tra-

33 1689 277 1728 ctationem
295 1688 476 1728 illorum
499 1688 715 1728 librorum
736 1702 923 1729 securus
943 1690 1144 1730 accedat.
1199 1690 1346 1738 Quum

33 1743 151 1783 enim
170 1744 364 1784 diceret:
395 1743 571 1789 caritas,
593 1744 787 1785 addidit:
808 1747 856 1785 de
874 1746 1002 1786 corde
1016 1759 1146 1798 puro,
1168 1753 1214 1785 ut
1236 1744 1347 1784 nihil

33 1799 171 1848 aliud,
193 1814 322 1853 quani
341 1800 387 1839 id
408 1801 528 1853 quod
550 1800 828 1854 diligendum
848 1808 918 1842 est
938 1802 1167 1855 diligatur.
1234 1801 1345 1841 Con-

31 1854 255 1896 scientiam
287 1868 394 1895 vcro
421 1856 577 1895 bonam
603 1859 839 1897 coniunxit
871 1864 1058 1910 propter
1092 1857 1345 1909 spenuxille

34 1911 151 1950 enim
169 1925 217 1951 se
237 1912 291 1951 ad
312 1912 355 1951 id
372 1913 491 1964 quod
512 1912 658 1952 credit
676 1919 721 1952 ct
741 1914 890 1967 diligit
911 1921 1226 1966 perventurum
1245 1926 1345 1953 csse

34 1966 267 2019 desperat,
301 1968 375 2007 cui
409 1968 555 2007 malae
590 1971 898 2010 conscientiae
935 1970 1173 2021 scrupulus
1213 1970 1344 2010 inest.

34 2023 193 2062 Tertio
213 2022 365 2078 etflde,
385 2024 544 2077 inquit,
566 2023 788 2078 nonficta.
849 2026 893 2066 Si
917 2027 1034 2065 enim
1056 2026 1167 2065 fides
1190 2035 1348 2065 nostra

32 2079 269 2118 mendacio
290 2082 453 2128 caruit,
483 2086 589 2119 tunc.
608 2085 653 2119 et
669 2093 758 2120 non
778 2082 1006 2134 diligimus
1026 2081 1147 2134 quod
1167 2095 1253 2120 non
1277 2087 1347 2121 est

35 2133 334 2187 diligendum,
371 2141 415 2176 et
432 2141 556 2176 reete
576 2136 768 2177 vivendo
789 2138 831 2177 id
860 2150 1112 2191 speramus,
1146 2144 1194 2177 ut
1221 2137 1344 2176 nullo

85 2263 156 2300 1)1
179 2259 260 2292 Cor.
283 2263 333 2300 13,
353 2263 384 2292 8.
436 2258 473 2302 2)
497 2262 510 2292 1
533 2259 618 2293 Cor.
640 2262 766 2299 13,13.
818 2259 854 2302 3)
878 2263 892 2291 l
913 2259 1012 2292 Tim.
1039 2265 1064 2299 Ι,
1086 2263 1114 2292 5.
