1503 2465
119 142 197 182 128
476 142 715 182 AURELH
745 142 1064 183 AUGUSTINI

113 239 267 281 grege,
288 231 331 265 et
346 225 501 266 vitulos
520 226 568 266 de
585 226 723 266 medio
743 226 942 267 armenti.
1002 227 1096 267 Ista
1123 240 1203 267 sex
1228 227 1426 270 membra

117 288 209 321 tres
236 281 507 322 bimembres
532 282 748 322 circuitus
768 282 1020 323 ediderunt.
1079 282 1178 323 Non
1208 284 1427 323 enimait:

118 338 194 390 qui
215 338 409 389 separati
431 340 540 378 estis
560 338 604 377 in
624 338 742 377 diem
760 338 938 387 malum,
960 339 1035 391 qui
1056 339 1428 391 adpropinquatis

119 393 236 432 solio
257 393 531 446 iniquitatis,
557 394 632 446 qui
651 393 857 434 dormitis
876 394 919 433 in
938 394 1068 434 lectis
1097 395 1327 442 eburneis,
1355 393 1429 447 qui

119 448 340 488 lascivitis
358 451 402 489 in
421 449 576 488 stratis
596 450 780 499 vestris,
816 450 889 502 qui
915 450 1154 489 comeditis
1185 462 1347 502 agnum
1375 449 1428 488 de

119 516 275 557 grege,
295 510 340 544 et
359 504 524 544 vitulos
546 504 600 544 de
618 506 770 544 medio
790 506 994 546 armenti.
1039 505 1084 546 Si
1104 507 1168 545 ita
1187 505 1428 552 diceretur,

120 566 244 599 esset
263 559 441 612 quidem
462 566 506 600 et
524 559 610 600 hoc
629 559 883 614 pulchrum,
913 567 962 600 ut
982 561 1036 600 ab
1055 575 1143 600 uno
1163 561 1429 613 pronomine

120 616 314 668 repetito
335 616 513 669 singula
531 629 610 655 sex
629 617 828 656 membra
848 617 1155 665 decurrerent,
1177 623 1222 656 et
1239 628 1430 669 pronun-

119 671 272 710 tiantis
294 684 403 710 voce
423 671 602 724 singula
622 672 869 712 finirentur.
906 672 995 713 Sed
1013 671 1245 725 pulchrius
1263 671 1429 711 factum

121 731 208 775 est,
243 733 290 766 ut
310 727 455 766 eidem
477 728 728 779 pronomini
751 733 904 768 essent
929 728 1035 767 bina
1060 728 1281 775 subnexa,
1318 739 1429 779 quae

120 788 213 822 trcs
249 785 497 822 sententias
534 784 833 835 explicarent,
886 796 1018 823 unam
1060 783 1116 823 ad
1156 784 1431 835 captivitatis

122 839 578 891 praenuntiationem:
602 838 675 891 qni
690 838 884 892 separati
900 840 997 879 estis
1014 838 1058 878 in
1072 838 1181 879 diem
1201 840 1372 885 malum,
1393 845 1435 877 et

122 893 483 946 adpropinquans
516 893 621 934 solio
659 894 936 948 iniqnitatis;
973 896 1160 935 alteram
1195 894 1248 933 ad
1286 895 1432 934 libidi-

123 962 243 988 nem:
281 949 354 1002 qni
385 949 582 988 dormitis
605 949 651 989 in
673 949 793 989 lectis
826 950 1041 999 eburneis,
1083 958 1125 990 et
1150 949 1354 989 lascivitis
1389 949 1431 988 in

121 1004 271 1044 stratis
294 1004 469 1053 oestris‚·
495 1007 548 1045 ad
571 1007 864 1045 voracitatem
886 1019 992 1046 vero
1010 1007 1189 1046 tertiam
1209 1008 1433 1058 pertinen-

122 1067 232 1100 tem:
255 1060 329 1114 qni
347 1061 565 1100 comeditis
585 1074 747 1115 agnum.
765 1062 813 1101 de
827 1076 980 1115 grege,
1001 1069 1042 1101 et
1058 1061 1211 1101 vitulos
1230 1062 1278 1101 cle
1297 1060 1433 1101 medio

123 1116 324 1164 armenti,
346 1123 395 1156 ut
413 1117 457 1156 in
478 1123 706 1169 potestate
727 1118 786 1157 sit
803 1119 1152 1171 pronuntiantis,
1181 1122 1329 1157 utrum
1348 1119 1434 1157 sin-

123 1172 230 1225 gula
248 1173 376 1212 finiat
393 1178 438 1212 et
457 1173 654 1213 membra
672 1174 761 1213 sint
778 1186 880 1222 sex,
911 1186 964 1213 an
983 1176 1170 1227 primum
1191 1178 1235 1213 et
1253 1173 1435 1213 tertium

124 1235 168 1268 et
185 1230 386 1281 quintum
399 1241 510 1268 voce
531 1229 791 1282 suspendat,
808 1237 853 1269 et
872 1230 1115 1269 secundum
1130 1230 1290 1282 primo,
1308 1241 1434 1281 quar-

123 1290 217 1324 tum
241 1286 402 1333 tertie,
428 1290 604 1324 sextum
631 1286 787 1338 quinto
810 1286 1121 1326 connectendo
1142 1292 1234 1325 tres
1253 1285 1435 1324 bimem-

122 1341 227 1380 bres
247 1340 463 1380 circuitus
483 1341 801 1381 decentissime
820 1340 973 1390 faciat,
992 1355 1126 1381 unum
1148 1353 1234 1394 quo
1257 1341 1436 1380 calami-

124 1401 194 1435 tas
213 1396 471 1445 imminens,
504 1397 695 1436 alterum
716 1408 802 1449 quo
827 1397 973 1437 lectus
998 1398 1219 1449 impurus,
1252 1397 1437 1436 tertium

126 1463 213 1504 quo
232 1451 426 1505 prodiga
442 1464 598 1492 mensa
614 1458 906 1492 monstretur.
960 1453 1135 1492 Deinde
1156 1453 1435 1492 luxuriosam

124 1507 357 1547 remordet
390 1509 564 1547 aurium
585 1508 879 1561 voluptatem.
936 1509 1021 1548 Ubi
1053 1522 1186 1561 quum
1221 1509 1434 1548 dixisset:

129 1562 203 1616 qui
220 1562 375 1602 canitis
400 1564 458 1602 ad
476 1577 617 1603 vocem
636 1563 860 1617 psalterii,
898 1565 1108 1617 quoniam
1136 1569 1288 1618 potest
1312 1576 1436 1604 exer-

128 1620 221 1658 ceri
241 1620 470 1671 sapienter
487 1632 514 1659 a
532 1619 810 1672 sapientibus
831 1621 1020 1669 musica,
1045 1620 1241 1660 mirabili
1271 1620 1437 1659 decore

127 1674 322 1722 dicendi,
339 1675 610 1715 invectionis
628 1677 799 1728 impetu
817 1677 1038 1723 relaxato,
1067 1681 1111 1716 et
1129 1688 1216 1715 non
1240 1676 1295 1715 ad
1315 1676 1438 1724 illos,

128 1731 207 1770 sed
235 1730 289 1769 dc
307 1730 399 1770 illis
417 1731 505 1770 iam
524 1731 737 1784 loquenS,
769 1737 815 1770 ut
833 1745 914 1771 nos
934 1733 1148 1772 musicam
1169 1732 1388 1785 sapientis
1412 1743 1438 1770 a

125 1787 298 1825 musica
317 1786 587 1826 luxuriantis
604 1787 883 1840 distinguere
904 1793 1225 1835 commoneret,
1244 1800 1332 1827 non
1353 1788 1436 1827 ait:

128 1841 203 1894 qui
223 1842 384 1881 canitis
406 1842 463 1881 ad
481 1855 637 1882 vocem
657 1843 877 1895 psalterii,
907 1849 951 1882 et
969 1845 1086 1883 sicut
1103 1843 1249 1882 David
1270 1843 1436 1896 putatis

125 1910 207 1936 vos
227 1896 393 1937 habere
413 1910 520 1937 vasa
537 1899 720 1948 cantici3
749 1899 826 1938 sed
845 1913 976 1952 quum
994 1899 1106 1938 illud
1127 1899 1182 1938 ad
1203 1911 1282 1938 eos
1302 1899 1436 1938 dixis-

128 1958 217 2001 set,
246 1953 366 2006 quod
390 1953 615 1993 luxuriosi
639 1954 794 1993 audire
822 1954 1059 1994 deberent:
1097 1954 1171 2007 qui
1193 1953 1347 1993 canitis
1383 1954 1441 1993 ad

125 2020 271 2048 vocem
288 2008 508 2061 psalterii,
541 2010 811 2062 imperitiam
831 2023 1008 2063 quoqne
1037 2022 1192 2049 eorum
1213 2010 1315 2048 aliis
1330 2022 1437 2062 quo-

128 2063 366 2104 dammodo
378 2064 607 2113 indicavit,
620 2065 869 2118 adiungens
881 2081 889 2104 z
901 2065 1013 2105 sicat
1023 2064 1440 2118 Dacidpnmverunt

126 2132 169 2158 se
203 2120 361 2159 habere
393 2133 497 2160 vasa
522 2119 703 2168 cantici,
740 2121 924 2161 bibentes
948 2120 1174 2174 inphialis
1203 2120 1363 2168 viuum,
1399 2126 1436 2159 et

129 2175 289 2228 optimo
313 2183 531 2228 unguento
552 2175 740 2215 delibati.
802 2178 910 2216 Tria
931 2175 1042 2216 haec
1059 2177 1220 2216 melius
1246 2188 1435 2228 pronun-

127 2231 320 2281 tiantur,
345 2234 384 2271 si
407 2234 638 2285 suspensis
664 2232 838 2272 duobus
867 2233 1092 2286 prioribus
1117 2232 1328 2272 membris
1354 2232 1435 2270 cir-
