1503 2465
228 139 308 178 DE
339 137 644 179 DOC'rRl-NA
676 139 907 182 Cfflsss'r.
970 141 1083 184 Llss.
1117 144 1169 184 11.
1307 146 1359 185 45

46 224 207 265 Latine
226 223 369 263 locuti
387 228 492 263 sunt
506 229 663 263 tenere
683 224 900 275 voluerit,
934 228 1128 268 transire
1150 241 1237 268 non
1258 242 1360 283 pos-

45 287 162 320 sunt.
225 279 350 327 Quae
371 279 613 332 aliquando
631 280 885 321 intellectui
906 281 1019 322 nihil
1037 284 1254 333 adimunt,
1279 287 1361 326 sed

47 334 282 375 offendunt
315 341 466 374 tamen
500 347 601 383 eos,
649 337 724 389 qui
757 337 857 389 plus
891 337 1177 379 delectantur
1207 342 1359 392 rebus,

47 404 181 444 quum
217 391 352 430 etiam
385 391 429 430 in
454 402 606 430 earum
636 393 779 445 signis
808 405 889 432 sua
915 395 1137 446 quaedam
1155 406 1363 437 servatur

45 447 299 499 integritas.
360 445 472 485 Nam
496 458 554 486 so
570 446 657 486 loe
673 448 873 488 cismus
892 479 902 498 ,
929 451 1005 502 qui
1033 451 1214 501 dicitur,
1250 452 1364 493 nihil

47 502 170 543 aliud
189 508 259 541 est
279 514 409 556 quam
430 515 562 555 quum
580 503 718 543 verba
736 516 825 543 non
845 516 900 544 ea
916 505 1020 559 lege
1038 507 1127 547 sibi
1152 514 1361 562 coaptan-

46 564 139 607 tur,
175 569 263 611 qua
300 563 626 611 coaptaverunt
657 560 733 612 qui
764 562 940 612 priores
974 562 1106 603 nobis
1140 577 1230 604 non
1264 567 1361 605 sine

49 614 324 653 auctoritate
356 614 507 667 aliqua
537 613 676 654 locuti
712 622 828 656 sunt.
898 617 1058 658 Utrum
1098 621 1217 660 enim
1247 620 1363 661 inter

49 668 263 717 homines,
300 682 355 709 an
383 669 499 709 incer
517 668 762 711 hominibus
787 671 984 723 dicatur,
1023 674 1079 714 ad
1104 687 1254 716 rerum
1273 690 1363 717 non

46 725 245 778 pertinet
266 726 566 777 cognitorem.
589 726 699 766 Item
720 728 1088 770 barbarismus
1109 732 1214 784 quid
1240 732 1365 773 aliud

49 786 138 829 est,
170 781 258 820 nisi
277 781 461 821 verbum
478 793 566 820 non
588 783 653 822 eis
674 782 819 823 literis
839 785 912 824 vel
931 797 1045 826 sono
1066 790 1364 839 enuntiatum,

49 849 137 889 quo
157 836 210 876 ab
231 838 312 885 eis,
332 837 408 889 qui
428 836 588 877 Latine
608 845 711 878 ante
730 852 812 879 nos
832 840 974 880 locuti
993 848 1110 892 sunt,
1138 845 1366 884 enuntiari

48 891 194 932 solet?
225 892 383 932 Utrum
410 893 528 932 enim
550 892 777 947 ignoscere
808 895 1030 948 producta
1064 910 1119 938 an
1153 907 1366 953 correpta

48 948 186 988 tertia
203 947 382 1000 syllaba
401 948 590 997 dicatur,
610 962 700 989 non
717 951 905 991 multum
923 959 1051 993 curat
1070 955 1144 1007 qui
1164 958 1363 1008 peccatis

49 1005 143 1044 suis
161 1002 309 1043 Deum
326 1009 376 1044 ut
392 1004 604 1057 ignoscat
621 1006 750 1057 petit,
766 1007 972 1060 quolibet
988 1010 1122 1050 modo
1143 1011 1255 1051 illud
1268 1024 1364 1052 ver·

47 1059 153 1099 'bum
174 1071 337 1099 sonare
355 1060 568 1113 potuerit.
624 1060 744 1109 Quid
761 1067 831 1102 est
850 1075 960 1117 ergo
981 1065 1222 1119 integritas
1240 1067 1365 1108 locu-

47 1115 210 1163 tionis,
245 1115 330 1155 nisi
357 1115 585 1166 alienae1)
614 1119 956 1160 consuetudinis
982 1123 1271 1163 conservatio
1301 1125 1365 1164 lo-

50 1172 282 1223 quentium
309 1178 509 1211 veterum
529 1174 803 1214 auctoritate
827 1175 1059 1216 firmatae'}
1099 1176 1188 1218 Sed
1215 1185 1367 1219 tamen

50 1239 104 1265 eo
124 1228 268 1280 inagis
287 1227 392 1266 inde
414 1226 705 1268 offenduntur
724 1227 1044 1286 homines‚quo
1067 1234 1366 1286 infirmiores;

50 1288 96 1321 et
121 1294 175 1322 eo
203 1289 305 1322 sunt
337 1283 632 1332 infirmiores,
661 1296 749 1337 quo
770 1285 1002 1328 doctiores
1026 1289 1168 1329 videri
1191 1291 1365 1341 volunt,

48 1350 137 1377 non
158 1350 304 1377 rerum
326 1339 531 1387 scientia,
568 1351 655 1392 qua,
673 1341 977 1392 aedificamur,
1012 1344 1093 1384 sed
1115 1348 1364 1399 signorum,

47 1406 134 1446 qua
152 1406 240 1434 non
266 1393 417 1434 inflari
436 1394 616 1434 omnino
637 1395 821 1437 difficile
851 1400 995 1449 est2),
1036 1413 1169 1453 quum
1195 1410 1240 1441 et
1265 1404 1365 1456 ipsa

43 1461 194 1488 rerum
212 1450 406 1490 scientia
422 1462 557 1502 saepe
579 1453 803 1491 cervicem
822 1455 991 1507 erigat,
1024 1456 1113 1496 nisi
1133 1457 1362 1499 dominico

44 1507 316 1558 reprimatur
333 1508 458 1559 iugo.
502 1505 620 1553 Quid
639 1508 756 1546 enim
777 1509 909 1549 obest
925 1511 1218 1561 intellectori,
1241 1516 1362 1567 quod

45 1562 110 1600 ita
128 1561 344 1614 scriptum
363 1568 432 1601 est
449 1561 510 1612 3):
539 1560 660 1611 Quae
679 1570 743 1602 est
760 1571 894 1615 terra,
913 1565 1054 1620 inqua
1072 1568 1151 1607 isti
1167 1568 1363 1610 insidunt

44 1629 171 1668 super
189 1630 302 1664 eam,
326 1616 364 1656 si
382 1617 493 1656 bona
512 1624 575 1657 est
591 1630 648 1657 an
665 1631 879 1672 neqzmm;
908 1628 952 1661 et
969 1636 1077 1675 quae
1094 1632 1193 1664 sunt
1211 1625 1359 1666 cicim-

47 1680 131 1720 tes,
158 1672 204 1712 in
225 1673 373 1725 quibus
395 1672 745 1725 ipsiinlmbitant
769 1675 814 1716 in
832 1676 961 1730 ipsis?
996 1679 1137 1727 Quam
1165 1682 1358 1722 locutio-

14 1732 147 1767 κῃεειιι
168 1731 311 1781 inagis
331 1729 505 1768 alienae
525 1728 705 1782 linguae
726 1743 826 1771 esse
854 1733 1070 1783 arbitror,
1104 1749 1235 1789 quam
1260 1751 1357 1777 sen-

47 1797 144 1823 sum
179 1785 374 1837 aliquem
407 1785 629 1825 altiorem.
689 1785 806 1827 Illud
831 1789 987 1839 etiam,
1022 1791 1142 1843 quod
1169 1793 1256 1832 iam
1284 1806 1357 1833 au-

46 1838 168 1879 ferre
198 1853 287 1879 non
315 1853 553 1892 possumus
580 1842 634 1881 de
665 1854 744 1881 ore
766 1846 1041 1886 cantantium
1061 1849 1355 1903 populorum:

48 1894 187 1947 Super
210 1895 349 1949 ipsum
378 1903 521 1935 antem
539 1894 697 1948 floriet
719 1899 1012 1953 sanctificatio
1041 1903 1208 1954 mecm),
1247 1904 1356 1946 nihil

46 1950 254 2003 profecto
274 1953 527 1991 sententiae
546 1951 758 1993 detrahit.
792 1956 982 1996 Auditor
997 1963 1147 1998 tamen
1166 1963 1358 2012 peritior

48 2007 203 2047 mallet
213 2006 299 2047 hoc
312 2007 554 2061 corrigi,ut
567 2007 824 2061 nonfloriet,
839 2011 1101 2064 sedflorebz‘t
1112 2015 1353 2056 diceretur.

49 2062 143 2102 Nec
158 2063 398 2116 quidquam
419 2063 606 2115 impedit
626 2069 956 2108 correctionem
974 2070 1059 2109 nisi
1073 2074 1354 2113 consuetudo

103 2196 132 2227 Ξ)
153 2191 240 2230 „Sic
258 2193 345 2226 Mss.
366 2194 546 2239 plerique.
574 2197 623 2246 At
642 2199 753 2231 editi:
773 2201 845 2233 nisi
862 2201 1022 2235 Latinae
1040 2206 1356 2239 consuelmlim'x.“

53 2238 136 2270 ssen.
164 2240 201 2279 2)
216 2238 296 2272 Cf.1
317 2240 399 2274 Cor.
413 2247 443 2280 S,
468 2247 493 2274 Ι.
527 2243 826 2282 3))un1.13.19.
867 2250 904 2289 4)
926 2249 985 2281 l’s.
1003 2255 1073 2289 131,
1089 2251 1356 2285 IS.sec.LXX.
