<?xml version="1.0" encoding="UTF-8"?>
<!DOCTYPE html PUBLIC "-//W3C//DTD XHTML 1.0 Transitional//EN"
    "http://www.w3.org/TR/xhtml1/DTD/xhtml1-transitional.dtd">
<html xmlns="http://www.w3.org/1999/xhtml" xml:lang="en" lang="en">
 <head>
  <title>
</title>
<meta http-equiv="Content-Type" content="text/html;charset=utf-8" />
  <meta name='ocr-system' content='tesseract 3.04.00' />
  <meta name='ocr-capabilities' content='ocr_page ocr_carea ocr_par ocr_line ocrx_word'/>
</head>
<body>
  <div class='ocr_page' id='page_1' title='image "./dedoctrinachrist00augu_0196.png"; bbox 0 0 1503 2465; ppageno 0'>
   <div class='ocr_carea' id='block_1_1' title="bbox 118 121 1066 166">
    <p class='ocr_par' dir='ltr' id='par_1_1' title="bbox 118 121 1066 166">
     <span class='ocr_line' id='line_1_1' title="bbox 118 121 1066 166; baseline 0.002 -3"><span class='ocrx_word' id='word_1_1' title='bbox 118 123 195 164; x_wconf 82' lang='lat'><strong>158</strong></span> <span class='ocrx_word' id='word_1_2' title='bbox 480 121 715 163; x_wconf 78' lang='lat' dir='ltr'><strong>AURELH</strong></span> <span class='ocrx_word' id='word_1_3' title='bbox 745 123 1066 166; x_wconf 77' lang='lat' dir='ltr'>AUGUSTINI</span> 
     </span>
    </p>
   </div>
   <div class='ocr_carea' id='block_1_2' title="bbox 117 205 1442 1986">
    <p class='ocr_par' dir='ltr' id='par_1_2' title="bbox 117 205 1440 1318">
     <span class='ocr_line' id='line_1_2' title="bbox 117 205 1426 263; baseline -0.001 -12"><span class='ocrx_word' id='word_1_4' title='bbox 117 208 337 251; x_wconf 80' lang='lat' dir='ltr'><strong>converti.</strong></span> <span class='ocrx_word' id='word_1_5' title='bbox 380 207 438 247; x_wconf 86' lang='lat' dir='ltr'><strong>Et</strong></span> <span class='ocrx_word' id='word_1_6' title='bbox 457 219 560 247; x_wconf 86' lang='lat' dir='ltr'><strong>ecce</strong></span> <span class='ocrx_word' id='word_1_7' title='bbox 579 207 666 246; x_wconf 85' lang='lat' dir='ltr'><strong>iam</strong></span> <span class='ocrx_word' id='word_1_8' title='bbox 686 205 826 247; x_wconf 85' lang='lat' dir='ltr'><strong>ferme</strong></span> <span class='ocrx_word' id='word_1_9' title='bbox 847 213 949 247; x_wconf 89' lang='lat' dir='ltr'><strong>octo</strong></span> <span class='ocrx_word' id='word_1_10' title='bbox 966 211 1005 260; x_wconf 91' lang='lat'><strong>¹)</strong></span> <span class='ocrx_word' id='word_1_11' title='bbox 1025 209 1097 250; x_wconf 85' lang='lat' dir='ltr'><strong>vel</strong></span> <span class='ocrx_word' id='word_1_12' title='bbox 1115 210 1303 263; x_wconf 82' lang='lat' dir='ltr'><strong>amplius</strong></span> <span class='ocrx_word' id='word_1_13' title='bbox 1324 211 1426 250; x_wconf 85' lang='lat' dir='ltr'><strong>anni</strong></span> 
     </span>
     <span class='ocr_line' id='line_1_3' title="bbox 119 262 1425 317; baseline -0.001 -11"><span class='ocrx_word' id='word_1_14' title='bbox 119 271 222 306; x_wconf 86' lang='lat' dir='ltr'><strong>sunt</strong></span> <span class='ocrx_word' id='word_1_15' title='bbox 241 265 438 317; x_wconf 84' lang='lat' dir='ltr'><strong>propitio</strong></span> <span class='ocrx_word' id='word_1_16' title='bbox 453 262 648 310; x_wconf 80' lang='lat' dir='ltr'><strong>Christo,</strong></span> <span class='ocrx_word' id='word_1_17' title='bbox 679 275 734 302; x_wconf 79' lang='lat' dir='ltr'><strong>ex</strong></span> <span class='ocrx_word' id='word_1_18' title='bbox 754 276 839 315; x_wconf 91' lang='lat' dir='ltr'><strong>quo</strong></span> <span class='ocrx_word' id='word_1_19' title='bbox 860 264 954 303; x_wconf 88' lang='lat' dir='ltr'><strong>illic</strong></span> <span class='ocrx_word' id='word_1_20' title='bbox 973 264 1083 304; x_wconf 90' lang='lat' dir='ltr'><strong>nihil</strong></span> <span class='ocrx_word' id='word_1_21' title='bbox 1099 266 1189 306; x_wconf 81' lang='lat' dir='ltr'><strong>tale</strong></span> <span class='ocrx_word' id='word_1_22' title='bbox 1209 273 1425 305; x_wconf 80' lang='lat' dir='ltr'><strong>tentatum</strong></span> 
     </span>
     <span class='ocr_line' id='line_1_4' title="bbox 120 319 1427 373; baseline -0.001 -12"><span class='ocrx_word' id='word_1_23' title='bbox 120 327 202 361; x_wconf 88' lang='lat' dir='ltr'><strong>est.</strong></span> <span class='ocrx_word' id='word_1_24' title='bbox 224 320 337 361; x_wconf 88' lang='lat' dir='ltr'><strong>Sunt</strong></span> <span class='ocrx_word' id='word_1_25' title='bbox 349 325 393 359; x_wconf 88' lang='lat' dir='ltr'><strong>et</strong></span> <span class='ocrx_word' id='word_1_26' title='bbox 412 320 501 358; x_wconf 79' lang='lat' dir='ltr'><strong>alia</strong></span> <span class='ocrx_word' id='word_1_27' title='bbox 517 319 655 357; x_wconf 84' lang='lat' dir='ltr'><strong>multa</strong></span> <span class='ocrx_word' id='word_1_28' title='bbox 671 319 992 370; x_wconf 80' lang='lat' dir='ltr'><strong>experimenta,</strong></span> <span class='ocrx_word' id='word_1_29' title='bbox 1004 322 1163 373; x_wconf 88' lang='lat' dir='ltr'><strong>quibus</strong></span> <span class='ocrx_word' id='word_1_30' title='bbox 1175 322 1427 372; x_wconf 78' lang='lat' dir='ltr'><strong>didicimus,</strong></span> 
     </span>
     <span class='ocr_line' id='line_1_5' title="bbox 120 372 1427 430; baseline 0 -15"><span class='ocrx_word' id='word_1_31' title='bbox 120 376 350 424; x_wconf 85' lang='lat' dir='ltr'><strong>homines,</strong></span> <span class='ocrx_word' id='word_1_32' title='bbox 376 374 482 427; x_wconf 89' lang='lat' dir='ltr'><strong>quid</strong></span> <span class='ocrx_word' id='word_1_33' title='bbox 504 374 549 413; x_wconf 89' lang='lat' dir='ltr'><strong>in</strong></span> <span class='ocrx_word' id='word_1_34' title='bbox 575 374 640 413; x_wconf 87' lang='lat' dir='ltr'><strong>eis</strong></span> <span class='ocrx_word' id='word_1_35' title='bbox 665 372 829 414; x_wconf 82' lang='lat' dir='ltr'><strong>fecerit</strong></span> <span class='ocrx_word' id='word_1_36' title='bbox 856 376 1073 427; x_wconf 86' lang='lat' dir='ltr'><strong>sapientis</strong></span> <span class='ocrx_word' id='word_1_37' title='bbox 1110 377 1339 430; x_wconf 78' lang='lat' dir='ltr'>granditas</span> <span class='ocrx_word' id='word_1_38' title='bbox 1365 377 1427 415; x_wconf 87' lang='lat' dir='ltr'><strong>di-</strong></span> 
     </span>
     <span class='ocr_line' id='line_1_6' title="bbox 120 430 1427 485; baseline 0 -13"><span class='ocrx_word' id='word_1_39' title='bbox 120 432 305 480; x_wconf 87' lang='lat' dir='ltr'><strong>ctionis,</strong></span> <span class='ocrx_word' id='word_1_40' title='bbox 325 443 413 469; x_wconf 92' lang='lat' dir='ltr'><strong>non</strong></span> <span class='ocrx_word' id='word_1_41' title='bbox 434 430 630 469; x_wconf 81' lang='lat' dir='ltr'><strong>elamore</strong></span> <span class='ocrx_word' id='word_1_42' title='bbox 652 431 802 481; x_wconf 84' lang='lat' dir='ltr'><strong>potius</strong></span> <span class='ocrx_word' id='word_1_43' title='bbox 822 443 951 483; x_wconf 76' lang='lat' dir='ltr'><strong>quam</strong></span> <span class='ocrx_word' id='word_1_44' title='bbox 971 433 1163 484; x_wconf 89' lang='lat' dir='ltr'><strong>gemitu,</strong></span> <span class='ocrx_word' id='word_1_45' title='bbox 1187 433 1427 485; x_wconf 80' lang='lat' dir='ltr'><strong>aliquando</strong></span> 
     </span>
     <span class='ocr_line' id='line_1_7' title="bbox 121 486 1427 537; baseline 0.001 -10"><span class='ocrx_word' id='word_1_46' title='bbox 121 488 256 527; x_wconf 83' lang='lat' dir='ltr'><strong>etiam</strong></span> <span class='ocrx_word' id='word_1_47' title='bbox 273 486 728 537; x_wconf 82' lang='lat' dir='ltr'><strong>lacrimis‚postremo</strong></span> <span class='ocrx_word' id='word_1_48' title='bbox 741 486 858 525; x_wconf 78' lang='lat' dir='ltr'><strong>vitae</strong></span> <span class='ocrx_word' id='word_1_49' title='bbox 872 489 1120 527; x_wconf 78' lang='lat' dir='ltr'>mutatione</span> <span class='ocrx_word' id='word_1_50' title='bbox 1136 495 1427 528; x_wconf 82' lang='lat' dir='ltr'><strong>monstrasse.</strong></span> 
     </span>
     <span class='ocr_line' id='line_1_8' title="bbox 122 540 1430 597; baseline 0.001 -14"><span class='ocrx_word' id='word_1_51' title='bbox 122 543 356 584; x_wconf 80' lang='lat' dir='ltr'><strong>Submisso</strong></span> <span class='ocrx_word' id='word_1_52' title='bbox 379 542 515 581; x_wconf 86' lang='lat' dir='ltr'><strong>etiam</strong></span> <span class='ocrx_word' id='word_1_53' title='bbox 535 540 712 580; x_wconf 85' lang='lat' dir='ltr'><strong>dicendi</strong></span> <span class='ocrx_word' id='word_1_54' title='bbox 733 553 898 594; x_wconf 80' lang='lat' dir='ltr'><strong>genere</strong></span> <span class='ocrx_word' id='word_1_55' title='bbox 917 547 1020 582; x_wconf 86' lang='lat' dir='ltr'><strong>sunt</strong></span> <span class='ocrx_word' id='word_1_56' title='bbox 1036 544 1237 597; x_wconf 83' lang='lat' dir='ltr'><strong>plerique</strong></span> <span class='ocrx_word' id='word_1_57' title='bbox 1257 545 1430 593; x_wconf 82' lang='lat' dir='ltr'><strong>mutati,</strong></span> 
     </span>
     <span class='ocr_line' id='line_1_9' title="bbox 121 596 1431 652; baseline 0 -13"><span class='ocrx_word' id='word_1_58' title='bbox 121 599 202 639; x_wconf 88' lang='lat' dir='ltr'><strong>sed</strong></span> <span class='ocrx_word' id='word_1_59' title='bbox 225 604 274 638; x_wconf 88' lang='lat' dir='ltr'><strong>ut</strong></span> <span class='ocrx_word' id='word_1_60' title='bbox 292 597 412 650; x_wconf 88' lang='lat' dir='ltr'><strong>quod</strong></span> <span class='ocrx_word' id='word_1_61' title='bbox 438 596 704 636; x_wconf 83' lang='lat' dir='ltr'><strong>nesciebant</strong></span> <span class='ocrx_word' id='word_1_62' title='bbox 720 599 907 647; x_wconf 86' lang='lat' dir='ltr'><strong>scirent,</strong></span> <span class='ocrx_word' id='word_1_63' title='bbox 933 604 1008 638; x_wconf 81' lang='lat' dir='ltr'><strong>aut</strong></span> <span class='ocrx_word' id='word_1_64' title='bbox 1028 599 1147 652; x_wconf 89' lang='lat' dir='ltr'><strong>quod</strong></span> <span class='ocrx_word' id='word_1_65' title='bbox 1166 600 1231 639; x_wconf 88' lang='lat' dir='ltr'><strong>eis</strong></span> <span class='ocrx_word' id='word_1_66' title='bbox 1252 599 1431 639; x_wconf 74' lang='lat' dir='ltr'><strong>videba-</strong></span> 
     </span>
     <span class='ocr_line' id='line_1_10' title="bbox 119 651 1434 708; baseline 0 -14"><span class='ocrx_word' id='word_1_67' title='bbox 119 652 490 701; x_wconf 85' lang='lat' dir='ltr'><strong>turincrcdibile‚</strong></span> <span class='ocrx_word' id='word_1_68' title='bbox 509 651 759 701; x_wconf 82' lang='lat' dir='ltr'><strong>crederent,</strong></span> <span class='ocrx_word' id='word_1_69' title='bbox 772 665 858 692; x_wconf 94' lang='lat' dir='ltr'><strong>non</strong></span> <span class='ocrx_word' id='word_1_70' title='bbox 877 659 1084 694; x_wconf 81' lang='lat' dir='ltr'><strong>autemut</strong></span> <span class='ocrx_word' id='word_1_71' title='bbox 1097 662 1298 708; x_wconf 79' lang='lat' dir='ltr'><strong>agerent,</strong></span> <span class='ocrx_word' id='word_1_72' title='bbox 1313 654 1434 708; x_wconf 89' lang='lat' dir='ltr'><strong>quod</strong></span> 
     </span>
     <span class='ocr_line' id='line_1_11' title="bbox 122 709 1433 763; baseline 0 -14"><span class='ocrx_word' id='word_1_73' title='bbox 122 710 344 763; x_wconf 79' lang='lat' dir='ltr'><strong>agendum</strong></span> <span class='ocrx_word' id='word_1_74' title='bbox 364 709 451 747; x_wconf 87' lang='lat' dir='ltr'><strong>iam</strong></span> <span class='ocrx_word' id='word_1_75' title='bbox 473 712 689 747; x_wconf 77' lang='lat' dir='ltr'><strong>noverant</strong></span> <span class='ocrx_word' id='word_1_76' title='bbox 708 713 752 746; x_wconf 89' lang='lat' dir='ltr'><strong>et</strong></span> <span class='ocrx_word' id='word_1_77' title='bbox 770 720 904 761; x_wconf 87' lang='lat' dir='ltr'><strong>agere</strong></span> <span class='ocrx_word' id='word_1_78' title='bbox 926 710 1152 750; x_wconf 81' lang='lat' dir='ltr'><strong>nolebant.</strong></span> <span class='ocrx_word' id='word_1_79' title='bbox 1201 711 1263 749; x_wconf 67' lang='lat' dir='ltr'><strong>Ad</strong></span> <span class='ocrx_word' id='word_1_80' title='bbox 1284 709 1433 749; x_wconf 83' lang='lat' dir='ltr'><strong>huius-</strong></span> 
     </span>
     <span class='ocr_line' id='line_1_12' title="bbox 124 762 1435 819; baseline 0 -14"><span class='ocrx_word' id='word_1_81' title='bbox 124 766 249 805; x_wconf 84' lang='lat' dir='ltr'>modi</span> <span class='ocrx_word' id='word_1_82' title='bbox 274 776 465 816; x_wconf 81' lang='lat' dir='ltr'><strong>namque</strong></span> <span class='ocrx_word' id='word_1_83' title='bbox 494 763 704 802; x_wconf 75' lang='lat' dir='ltr'><strong>duritiam</strong></span> <span class='ocrx_word' id='word_1_84' title='bbox 742 762 1008 805; x_wconf 81' lang='lat' dir='ltr'><strong>flectendam</strong></span> <span class='ocrx_word' id='word_1_85' title='bbox 1033 766 1168 806; x_wconf 87' lang='lat' dir='ltr'><strong>debet</strong></span> <span class='ocrx_word' id='word_1_86' title='bbox 1203 766 1435 819; x_wconf 80' lang='lat' dir='ltr'><strong>granditer</strong></span> 
     </span>
     <span class='ocr_line' id='line_1_13' title="bbox 124 818 1431 875; baseline -0.001 -14"><span class='ocrx_word' id='word_1_87' title='bbox 124 822 228 861; x_wconf 82' lang='lat' dir='ltr'><strong>dici.</strong></span> <span class='ocrx_word' id='word_1_88' title='bbox 288 819 402 860; x_wconf 82' lang='lat' dir='ltr'><strong>Nam</strong></span> <span class='ocrx_word' id='word_1_89' title='bbox 429 824 473 859; x_wconf 90' lang='lat' dir='ltr'><strong>et</strong></span> <span class='ocrx_word' id='word_1_90' title='bbox 497 818 655 858; x_wconf 87' lang='lat' dir='ltr'><strong>laudes</strong></span> <span class='ocrx_word' id='word_1_91' title='bbox 683 824 727 858; x_wconf 91' lang='lat' dir='ltr'><strong>et</strong></span> <span class='ocrx_word' id='word_1_92' title='bbox 754 819 1111 872; x_wconf 82' lang='lat' dir='ltr'><strong>vituperationes</strong></span> <span class='ocrx_word' id='word_1_93' title='bbox 1137 821 1312 875; x_wconf 79' lang='lat' dir='ltr'><strong>quando</strong></span> <span class='ocrx_word' id='word_1_94' title='bbox 1340 822 1431 860; x_wconf 84' lang='lat' dir='ltr'><strong>elo-</strong></span> 
     </span>
     <span class='ocr_line' id='line_1_14' title="bbox 124 875 1433 930; baseline 0 -14"><span class='ocrx_word' id='word_1_95' title='bbox 124 881 314 930; x_wconf 87' lang='lat' dir='ltr'><strong>quenter</strong></span> <span class='ocrx_word' id='word_1_96' title='bbox 340 876 570 923; x_wconf 84' lang='lat' dir='ltr'><strong>dicuntur,</strong></span> <span class='ocrx_word' id='word_1_97' title='bbox 603 887 735 927; x_wconf 89' lang='lat' dir='ltr'><strong>quum</strong></span> <span class='ocrx_word' id='word_1_98' title='bbox 762 875 853 914; x_wconf 89' lang='lat' dir='ltr'><strong>sint</strong></span> <span class='ocrx_word' id='word_1_99' title='bbox 883 876 928 915; x_wconf 93' lang='lat' dir='ltr'><strong>in</strong></span> <span class='ocrx_word' id='word_1_100' title='bbox 965 889 1131 929; x_wconf 81' lang='lat' dir='ltr'><strong>genere</strong></span> <span class='ocrx_word' id='word_1_101' title='bbox 1167 883 1433 929; x_wconf 82' lang='lat' dir='ltr'><strong>temperato,</strong></span> 
     </span>
     <span class='ocr_line' id='line_1_15' title="bbox 125 929 1434 983; baseline 0 -11"><span class='ocrx_word' id='word_1_102' title='bbox 125 934 191 972; x_wconf 88' lang='lat' dir='ltr'><strong>sic</strong></span> <span class='ocrx_word' id='word_1_103' title='bbox 221 930 439 972; x_wconf 85' lang='lat' dir='ltr'><strong>adficiunt</strong></span> <span class='ocrx_word' id='word_1_104' title='bbox 459 929 700 983; x_wconf 82' lang='lat' dir='ltr'><strong>quosdam,</strong></span> <span class='ocrx_word' id='word_1_105' title='bbox 734 935 783 969; x_wconf 91' lang='lat' dir='ltr'><strong>ut</strong></span> <span class='ocrx_word' id='word_1_106' title='bbox 808 943 896 970; x_wconf 91' lang='lat' dir='ltr'><strong>non</strong></span> <span class='ocrx_word' id='word_1_107' title='bbox 924 933 1068 971; x_wconf 86' lang='lat' dir='ltr'><strong>solum</strong></span> <span class='ocrx_word' id='word_1_108' title='bbox 1100 934 1141 972; x_wconf 90' lang='lat' dir='ltr'><strong>in</strong></span> <span class='ocrx_word' id='word_1_109' title='bbox 1162 933 1370 972; x_wconf 76' lang='lat' dir='ltr'>laudibus</span> <span class='ocrx_word' id='word_1_110' title='bbox 1391 939 1434 972; x_wconf 83' lang='lat' dir='ltr'><strong>et</strong></span> 
     </span>
     <span class='ocr_line' id='line_1_16' title="bbox 123 985 1436 1040; baseline -0.001 -12"><span class='ocrx_word' id='word_1_111' title='bbox 123 986 532 1040; x_wconf 78' lang='lat' dir='ltr'><strong>vituperationibus</strong></span> <span class='ocrx_word' id='word_1_112' title='bbox 566 985 828 1038; x_wconf 80' lang='lat' dir='ltr'><strong>eloquentia</strong></span> <span class='ocrx_word' id='word_1_113' title='bbox 861 987 1162 1037; x_wconf 77' lang='lat' dir='ltr'><strong>delectentur,</strong></span> <span class='ocrx_word' id='word_1_114' title='bbox 1204 1001 1353 1028; x_wconf 78' lang='lat' dir='ltr'><strong>verum</strong></span> <span class='ocrx_word' id='word_1_115' title='bbox 1392 993 1436 1027; x_wconf 85' lang='lat' dir='ltr'><strong>ct</strong></span> 
     </span>
     <span class='ocr_line' id='line_1_17' title="bbox 124 1040 1437 1097; baseline -0.001 -14"><span class='ocrx_word' id='word_1_116' title='bbox 124 1044 213 1096; x_wconf 88' lang='lat' dir='ltr'><strong>ipsi</strong></span> <span class='ocrx_word' id='word_1_117' title='bbox 232 1042 525 1082; x_wconf 79' lang='lat' dir='ltr'><strong>laudabiliter</strong></span> <span class='ocrx_word' id='word_1_118' title='bbox 545 1041 773 1092; x_wconf 85' lang='lat' dir='ltr'><strong>adpetant,</strong></span> <span class='ocrx_word' id='word_1_119' title='bbox 792 1040 1055 1096; x_wconf 77' lang='lat' dir='ltr'><strong>fugiantque</strong></span> <span class='ocrx_word' id='word_1_120' title='bbox 1075 1044 1437 1097; x_wconf 67' lang='lat' dir='ltr'><strong>vituperabiliter</strong></span> 
     </span>
     <span class='ocr_line' id='line_1_18' title="bbox 124 1096 1435 1151; baseline -0.001 -12"><span class='ocrx_word' id='word_1_121' title='bbox 124 1101 291 1139; x_wconf 83' lang='lat' dir='ltr'><strong>vivere.</strong></span> <span class='ocrx_word' id='word_1_122' title='bbox 355 1097 445 1138; x_wconf 89' lang='lat' dir='ltr'><strong>Sed</strong></span> <span class='ocrx_word' id='word_1_123' title='bbox 471 1096 684 1149; x_wconf 87' lang='lat' dir='ltr'><strong>numquid</strong></span> <span class='ocrx_word' id='word_1_124' title='bbox 715 1109 892 1147; x_wconf 87' lang='lat' dir='ltr'><strong>omnes,</strong></span> <span class='ocrx_word' id='word_1_125' title='bbox 920 1100 990 1151; x_wconf 88' lang='lat' dir='ltr'><strong>qui</strong></span> <span class='ocrx_word' id='word_1_126' title='bbox 1013 1099 1318 1148; x_wconf 73' lang='lat' dir='ltr'><strong>delectantur,</strong></span> <span class='ocrx_word' id='word_1_127' title='bbox 1345 1113 1435 1138; x_wconf 82' lang='lat' dir='ltr'><strong>mu-</strong></span> 
     </span>
     <span class='ocr_line' id='line_1_19' title="bbox 124 1152 1439 1208; baseline -0.002 -13"><span class='ocrx_word' id='word_1_128' title='bbox 124 1155 344 1204; x_wconf 78' lang='lat' dir='ltr'><strong>tantur2),</strong></span> <span class='ocrx_word' id='word_1_129' title='bbox 365 1154 484 1193; x_wconf 87' lang='lat' dir='ltr'><strong>sicut</strong></span> <span class='ocrx_word' id='word_1_130' title='bbox 502 1154 546 1191; x_wconf 91' lang='lat' dir='ltr'><strong>in</strong></span> <span class='ocrx_word' id='word_1_131' title='bbox 565 1152 726 1205; x_wconf 82' lang='lat' dir='ltr'><strong>grandi</strong></span> <span class='ocrx_word' id='word_1_132' title='bbox 746 1164 912 1205; x_wconf 88' lang='lat' dir='ltr'><strong>genere</strong></span> <span class='ocrx_word' id='word_1_133' title='bbox 929 1167 1082 1194; x_wconf 82' lang='lat' dir='ltr'><strong>omnes</strong></span> <span class='ocrx_word' id='word_1_134' title='bbox 1103 1156 1176 1208; x_wconf 89' lang='lat' dir='ltr'><strong>qui</strong></span> <span class='ocrx_word' id='word_1_135' title='bbox 1199 1155 1439 1195; x_wconf 67' lang='lat' dir='ltr'><strong>flectuntur</strong></span> 
     </span>
     <span class='ocr_line' id='line_1_20' title="bbox 128 1209 1440 1264; baseline -0.002 -13"><span class='ocrx_word' id='word_1_136' title='bbox 128 1216 288 1264; x_wconf 80' lang='lat' dir='ltr'><strong>agunt,</strong></span> <span class='ocrx_word' id='word_1_137' title='bbox 324 1214 369 1248; x_wconf 89' lang='lat' dir='ltr'><strong>et</strong></span> <span class='ocrx_word' id='word_1_138' title='bbox 401 1209 446 1248; x_wconf 88' lang='lat' dir='ltr'><strong>in</strong></span> <span class='ocrx_word' id='word_1_139' title='bbox 481 1209 704 1247; x_wconf 86' lang='lat' dir='ltr'><strong>submisso</strong></span> <span class='ocrx_word' id='word_1_140' title='bbox 739 1221 906 1261; x_wconf 87' lang='lat' dir='ltr'><strong>genere</strong></span> <span class='ocrx_word' id='word_1_141' title='bbox 935 1223 1088 1250; x_wconf 80' lang='lat' dir='ltr'><strong>omnes</strong></span> <span class='ocrx_word' id='word_1_142' title='bbox 1116 1211 1190 1264; x_wconf 89' lang='lat' dir='ltr'><strong>qui</strong></span> <span class='ocrx_word' id='word_1_143' title='bbox 1220 1212 1440 1250; x_wconf 80' lang='lat' dir='ltr'><strong>(locentur</strong></span> 
     </span>
     <span class='ocr_line' id='line_1_21' title="bbox 129 1264 1306 1318; baseline 0 -12"><span class='ocrx_word' id='word_1_144' title='bbox 129 1268 290 1314; x_wconf 83' lang='lat' dir='ltr'><strong>sciunt,</strong></span> <span class='ocrx_word' id='word_1_145' title='bbox 319 1272 396 1304; x_wconf 84' lang='lat' dir='ltr'><strong>aut</strong></span> <span class='ocrx_word' id='word_1_146' title='bbox 415 1264 617 1311; x_wconf 84' lang='lat' dir='ltr'><strong>credunt,</strong></span> <span class='ocrx_word' id='word_1_147' title='bbox 645 1276 795 1302; x_wconf 78' lang='lat' dir='ltr'><strong>verum</strong></span> <span class='ocrx_word' id='word_1_148' title='bbox 817 1276 916 1304; x_wconf 86' lang='lat' dir='ltr'><strong>esse</strong></span> <span class='ocrx_word' id='word_1_149' title='bbox 937 1267 1056 1318; x_wconf 85' lang='lat' dir='ltr'><strong>quod</strong></span> <span class='ocrx_word' id='word_1_150' title='bbox 1078 1266 1306 1306; x_wconf 69' lang='lat' dir='ltr'><strong>nesciunt}</strong></span> 
     </span>
    </p>

    <p class='ocr_par' dir='ltr' id='par_1_3' title="bbox 128 1320 1442 1986">
     <span class='ocr_line' id='line_1_22' title="bbox 185 1320 1442 1375; baseline 0.001 -15"><span class='ocrx_word' id='word_1_151' title='bbox 185 1323 232 1360; x_wconf 86' lang='lat' dir='ltr'><strong>C.</strong></span> <span class='ocrx_word' id='word_1_152' title='bbox 261 1320 403 1360; x_wconf 74' lang='lat' dir='ltr'>XXV.</span> <span class='ocrx_word' id='word_1_153' title='bbox 464 1320 591 1359; x_wconf 86' lang='lat' dir='ltr'><strong>Unde</strong></span> <span class='ocrx_word' id='word_1_154' title='bbox 630 1320 862 1372; x_wconf 77' lang='lat' dir='ltr'><strong>colligitur</strong></span> <span class='ocrx_word' id='word_1_155' title='bbox 896 1321 976 1360; x_wconf 76' lang='lat' dir='ltr'><strong>illa</strong></span> <span class='ocrx_word' id='word_1_156' title='bbox 1011 1322 1097 1361; x_wconf 88' lang='lat' dir='ltr'><strong>duo</strong></span> <span class='ocrx_word' id='word_1_157' title='bbox 1124 1334 1292 1375; x_wconf 82' lang='lat' dir='ltr'><strong>genera</strong></span> <span class='ocrx_word' id='word_1_158' title='bbox 1320 1321 1442 1374; x_wconf 85' lang='lat' dir='ltr'><strong>quod</strong></span> 
     </span>
     <span class='ocr_line' id='line_1_23' title="bbox 130 1373 1438 1426; baseline -0.002 -9"><span class='ocrx_word' id='word_1_159' title='bbox 130 1379 308 1417; x_wconf 84' lang='lat' dir='ltr'><strong>efficere</strong></span> <span class='ocrx_word' id='word_1_160' title='bbox 328 1375 579 1422; x_wconf 85' lang='lat' dir='ltr'><strong>intendunt,</strong></span> <span class='ocrx_word' id='word_1_161' title='bbox 601 1373 686 1414; x_wconf 83' lang='lat' dir='ltr'><strong>hoe</strong></span> <span class='ocrx_word' id='word_1_162' title='bbox 702 1377 766 1415; x_wconf 66' lang='lat' dir='ltr'><strong>cis</strong></span> <span class='ocrx_word' id='word_1_163' title='bbox 788 1388 888 1415; x_wconf 77' lang='lat' dir='ltr'><strong>esse</strong></span> <span class='ocrx_word' id='word_1_164' title='bbox 906 1379 1098 1417; x_wconf 80' lang='lat' dir='ltr'><strong>maxime</strong></span> <span class='ocrx_word' id='word_1_165' title='bbox 1119 1379 1438 1426; x_wconf 75' lang='lat' dir='ltr'><strong>necessarium,</strong></span> 
     </span>
     <span class='ocr_line' id='line_1_24' title="bbox 130 1431 1438 1486; baseline -0.002 -13"><span class='ocrx_word' id='word_1_166' title='bbox 130 1435 203 1486; x_wconf 91' lang='lat' dir='ltr'><strong>qui</strong></span> <span class='ocrx_word' id='word_1_167' title='bbox 225 1433 455 1485; x_wconf 73' lang='lat' dir='ltr'><strong>sapienter</strong></span> <span class='ocrx_word' id='word_1_168' title='bbox 475 1436 519 1469; x_wconf 79' lang='lat' dir='ltr'><strong>et</strong></span> <span class='ocrx_word' id='word_1_169' title='bbox 538 1431 804 1483; x_wconf 78' lang='lat' dir='ltr'><strong>eloquenter</strong></span> <span class='ocrx_word' id='word_1_170' title='bbox 824 1432 980 1472; x_wconf 85' lang='lat' dir='ltr'><strong>volunt</strong></span> <span class='ocrx_word' id='word_1_171' title='bbox 998 1433 1163 1473; x_wconf 83' lang='lat' dir='ltr'><strong>(licere.</strong></span> <span class='ocrx_word' id='word_1_172' title='bbox 1199 1433 1311 1472; x_wconf 87' lang='lat' dir='ltr'><strong>lllud</strong></span> <span class='ocrx_word' id='word_1_173' title='bbox 1334 1445 1438 1472; x_wconf 81' lang='lat' dir='ltr'><strong>vero</strong></span> 
     </span>
     <span class='ocr_line' id='line_1_25' title="bbox 130 1488 1442 1543; baseline 0.001 -17"><span class='ocrx_word' id='word_1_174' title='bbox 130 1489 250 1543; x_wconf 89' lang='lat' dir='ltr'><strong>quod</strong></span> <span class='ocrx_word' id='word_1_175' title='bbox 271 1488 420 1541; x_wconf 80' lang='lat' dir='ltr'><strong>agitur</strong></span> <span class='ocrx_word' id='word_1_176' title='bbox 439 1498 604 1539; x_wconf 80' lang='lat' dir='ltr'><strong>genere</strong></span> <span class='ocrx_word' id='word_1_177' title='bbox 625 1492 872 1539; x_wconf 86' lang='lat' dir='ltr'><strong>temperato</strong></span> <span class='ocrx_word' id='word_1_178' title='bbox 888 1519 898 1537; x_wconf 92' lang='lat'>‚</span> <span class='ocrx_word' id='word_1_179' title='bbox 925 1489 969 1528; x_wconf 92' lang='lat' dir='ltr'><strong>id</strong></span> <span class='ocrx_word' id='word_1_180' title='bbox 990 1494 1080 1538; x_wconf 87' lang='lat' dir='ltr'><strong>est,</strong></span> <span class='ocrx_word' id='word_1_181' title='bbox 1115 1496 1162 1529; x_wconf 90' lang='lat' dir='ltr'><strong>ut</strong></span> <span class='ocrx_word' id='word_1_182' title='bbox 1181 1489 1442 1541; x_wconf 77' lang='lat' dir='ltr'><strong>eloquentia</strong></span> 
     </span>
     <span class='ocr_line' id='line_1_26' title="bbox 131 1544 1439 1597; baseline -0.002 -13"><span class='ocrx_word' id='word_1_183' title='bbox 131 1546 231 1597; x_wconf 83' lang='lat' dir='ltr'><strong>ipsa</strong></span> <span class='ocrx_word' id='word_1_184' title='bbox 250 1545 467 1590; x_wconf 83' lang='lat' dir='ltr'><strong>delectet,</strong></span> <span class='ocrx_word' id='word_1_185' title='bbox 494 1554 580 1580; x_wconf 92' lang='lat' dir='ltr'><strong>non</strong></span> <span class='ocrx_word' id='word_1_186' title='bbox 601 1547 670 1581; x_wconf 87' lang='lat' dir='ltr'><strong>est</strong></span> <span class='ocrx_word' id='word_1_187' title='bbox 687 1550 873 1594; x_wconf 78' lang='lat' dir='ltr'><strong>propter</strong></span> <span class='ocrx_word' id='word_1_188' title='bbox 891 1556 938 1583; x_wconf 84' lang='lat' dir='ltr'><strong>se</strong></span> <span class='ocrx_word' id='word_1_189' title='bbox 957 1545 1100 1596; x_wconf 89' lang='lat' dir='ltr'><strong>ipsum</strong></span> <span class='ocrx_word' id='word_1_190' title='bbox 1120 1544 1439 1596; x_wconf 76' lang='lat' dir='ltr'><strong>usurpandum,</strong></span> 
     </span>
     <span class='ocr_line' id='line_1_27' title="bbox 132 1597 1442 1652; baseline -0.002 -11"><span class='ocrx_word' id='word_1_191' title='bbox 132 1601 213 1641; x_wconf 81' lang='lat' dir='ltr'><strong>sed</strong></span> <span class='ocrx_word' id='word_1_192' title='bbox 242 1605 289 1639; x_wconf 91' lang='lat' dir='ltr'><strong>ut</strong></span> <span class='ocrx_word' id='word_1_193' title='bbox 313 1600 469 1646; x_wconf 81' lang='lat' dir='ltr'><strong>rebus,</strong></span> <span class='ocrx_word' id='word_1_194' title='bbox 506 1609 618 1649; x_wconf 86' lang='lat' dir='ltr'><strong>quae</strong></span> <span class='ocrx_word' id='word_1_195' title='bbox 647 1597 820 1636; x_wconf 88' lang='lat' dir='ltr'><strong>utiliter</strong></span> <span class='ocrx_word' id='word_1_196' title='bbox 839 1597 1118 1652; x_wconf 85' lang='lat' dir='ltr'><strong>honesteque</strong></span> <span class='ocrx_word' id='word_1_197' title='bbox 1139 1601 1367 1648; x_wconf 82' lang='lat' dir='ltr'><strong>dicuntur,</strong></span> <span class='ocrx_word' id='word_1_198' title='bbox 1401 1600 1442 1639; x_wconf 82' lang='lat' dir='ltr'><strong>si</strong></span> 
     </span>
     <span class='ocr_line' id='line_1_28' title="bbox 128 1653 1440 1708; baseline -0.002 -12"><span class='ocrx_word' id='word_1_199' title='bbox 128 1669 211 1696; x_wconf 83' lang='lat' dir='ltr'><strong>nec</strong></span> <span class='ocrx_word' id='word_1_200' title='bbox 231 1656 422 1695; x_wconf 84' lang='lat' dir='ltr'><strong>docente</strong></span> <span class='ocrx_word' id='word_1_201' title='bbox 447 1653 652 1706; x_wconf 87' lang='lat' dir='ltr'><strong>indigent</strong></span> <span class='ocrx_word' id='word_1_202' title='bbox 675 1653 879 1706; x_wconf 87' lang='lat' dir='ltr'><strong>eloquio,</strong></span> <span class='ocrx_word' id='word_1_203' title='bbox 907 1667 990 1695; x_wconf 89' lang='lat' dir='ltr'><strong>nec</strong></span> <span class='ocrx_word' id='word_1_204' title='bbox 1008 1661 1237 1705; x_wconf 79' lang='lat' dir='ltr'><strong>movente,</strong></span> <span class='ocrx_word' id='word_1_205' title='bbox 1272 1656 1375 1708; x_wconf 75' lang='lat' dir='ltr'><strong>quia</strong></span> <span class='ocrx_word' id='word_1_206' title='bbox 1395 1659 1440 1694; x_wconf 88' lang='lat' dir='ltr'><strong>et</strong></span> 
     </span>
     <span class='ocr_line' id='line_1_29' title="bbox 129 1709 1437 1764; baseline -0.002 -12"><span class='ocrx_word' id='word_1_207' title='bbox 129 1714 327 1752; x_wconf 84' lang='lat' dir='ltr'><strong>scientes</strong></span> <span class='ocrx_word' id='word_1_208' title='bbox 362 1716 406 1750; x_wconf 89' lang='lat' dir='ltr'><strong>et</strong></span> <span class='ocrx_word' id='word_1_209' title='bbox 449 1709 654 1748; x_wconf 77' lang='lat' dir='ltr'><strong>faventes</strong></span> <span class='ocrx_word' id='word_1_210' title='bbox 693 1709 924 1749; x_wconf 85' lang='lat' dir='ltr'><strong>auditores</strong></span> <span class='ocrx_word' id='word_1_211' title='bbox 966 1709 1155 1760; x_wconf 84' lang='lat' dir='ltr'><strong>habent,</strong></span> <span class='ocrx_word' id='word_1_212' title='bbox 1207 1711 1437 1764; x_wconf 84' lang='lat' dir='ltr'><strong>aliquanto</strong></span> 
     </span>
     <span class='ocr_line' id='line_1_30' title="bbox 129 1764 1440 1821; baseline -0.002 -15"><span class='ocrx_word' id='word_1_213' title='bbox 129 1767 349 1821; x_wconf 84' lang='lat' dir='ltr'><strong>promtius</strong></span> <span class='ocrx_word' id='word_1_214' title='bbox 387 1778 440 1804; x_wconf 82' lang='lat' dir='ltr'><strong>ex</strong></span> <span class='ocrx_word' id='word_1_215' title='bbox 474 1764 779 1803; x_wconf 80' lang='lat' dir='ltr'><strong>delectatione</strong></span> <span class='ocrx_word' id='word_1_216' title='bbox 813 1766 911 1817; x_wconf 73' lang='lat' dir='ltr'><strong>ipsa</strong></span> <span class='ocrx_word' id='word_1_217' title='bbox 945 1766 1216 1806; x_wconf 80' lang='lat' dir='ltr'><strong>elocutionis</strong></span> <span class='ocrx_word' id='word_1_218' title='bbox 1253 1765 1440 1806; x_wconf 76' lang='lat' dir='ltr'><strong>accedat</strong></span> 
     </span>
     <span class='ocr_line' id='line_1_31' title="bbox 128 1818 1438 1875; baseline -0.002 -14"><span class='ocrx_word' id='word_1_219' title='bbox 128 1823 201 1862; x_wconf 74' lang='lat' dir='ltr'><strong>vel</strong></span> <span class='ocrx_word' id='word_1_220' title='bbox 234 1822 438 1861; x_wconf 75' lang='lat' dir='ltr'><strong>tenacius</strong></span> <span class='ocrx_word' id='word_1_221' title='bbox 473 1818 769 1858; x_wconf 79' lang='lat' dir='ltr'><strong>adhaerescat</strong></span> <span class='ocrx_word' id='word_1_222' title='bbox 807 1823 1040 1860; x_wconf 72' lang='lat' dir='ltr'><strong>adsensus.</strong></span> <span class='ocrx_word' id='word_1_223' title='bbox 1123 1821 1245 1861; x_wconf 78' lang='lat' dir='ltr'><strong>Nam</strong></span> <span class='ocrx_word' id='word_1_224' title='bbox 1288 1834 1438 1875; x_wconf 88' lang='lat' dir='ltr'><strong>quum</strong></span> 
     </span>
     <span class='ocr_line' id='line_1_32' title="bbox 131 1874 1438 1931; baseline -0.002 -13"><span class='ocrx_word' id='word_1_225' title='bbox 131 1878 486 1931; x_wconf 87' lang='lat' dir='ltr'><strong>eloquentiae</strong></span> <span class='ocrx_word' id='word_1_226' title='bbox 514 1875 584 1914; x_wconf 88' lang='lat' dir='ltr'><strong>sit</strong></span> <span class='ocrx_word' id='word_1_227' title='bbox 611 1874 926 1916; x_wconf 70' lang='lat' dir='ltr'><strong>universale</strong></span> <span class='ocrx_word' id='word_1_228' title='bbox 958 1876 1053 1916; x_wconf 82' lang='lat' dir='ltr'><strong>offi</strong></span> <span class='ocrx_word' id='word_1_229' title='bbox 1071 1877 1227 1927; x_wconf 91' lang='lat' dir='ltr'><strong>cium,</strong></span> <span class='ocrx_word' id='word_1_230' title='bbox 1248 1877 1296 1916; x_wconf 89' lang='lat' dir='ltr'><strong>in</strong></span> <span class='ocrx_word' id='word_1_231' title='bbox 1316 1889 1438 1929; x_wconf 88' lang='lat' dir='ltr'><strong>quo-</strong></span> 
     </span>
     <span class='ocr_line' id='line_1_33' title="bbox 132 1930 1438 1986; baseline -0.002 -12"><span class='ocrx_word' id='word_1_232' title='bbox 132 1945 352 1986; x_wconf 89' lang='lat' dir='ltr'><strong>cumque</strong></span> <span class='ocrx_word' id='word_1_233' title='bbox 377 1932 609 1971; x_wconf 88' lang='lat' dir='ltr'><strong>istorum</strong></span> <span class='ocrx_word' id='word_1_234' title='bbox 637 1930 795 1970; x_wconf 85' lang='lat' dir='ltr'><strong>trium</strong></span> <span class='ocrx_word' id='word_1_235' title='bbox 828 1945 1080 1985; x_wconf 85' lang='lat' dir='ltr'><strong>generum</strong></span> <span class='ocrx_word' id='word_1_236' title='bbox 1108 1933 1292 1973; x_wconf 88' lang='lat' dir='ltr'><strong>dicere</strong></span> <span class='ocrx_word' id='word_1_237' title='bbox 1319 1937 1438 1984; x_wconf 80' lang='lat' dir='ltr'><strong>apte</strong></span> 
     </span>
    </p>
   </div>
   <div class='ocr_carea' id='block_1_3' title="bbox 132 2079 1439 2266">
    <p class='ocr_par' dir='ltr' id='par_1_4' title="bbox 132 2079 1439 2266">
     <span class='ocr_line' id='line_1_34' title="bbox 185 2079 1438 2125; baseline -0.002 -9"><span class='ocrx_word' id='word_1_238' title='bbox 185 2083 218 2125; x_wconf 88' lang='lat'><strong>1)</strong></span> <span class='ocrx_word' id='word_1_239' title='bbox 238 2083 297 2115; x_wconf 78' lang='lat' dir='ltr'><strong>Ex</strong></span> <span class='ocrx_word' id='word_1_240' title='bbox 318 2082 384 2114; x_wconf 84' lang='lat' dir='ltr'><strong>hoc</strong></span> <span class='ocrx_word' id='word_1_241' title='bbox 401 2082 480 2115; x_wconf 85' lang='lat' dir='ltr'><strong>loco</strong></span> <span class='ocrx_word' id='word_1_242' title='bbox 501 2081 668 2124; x_wconf 79' lang='lat' dir='ltr'><strong>adparet,</strong></span> <span class='ocrx_word' id='word_1_243' title='bbox 689 2080 819 2113; x_wconf 47' lang='lat' dir='ltr'><strong>librum</strong></span> <span class='ocrx_word' id='word_1_244' title='bbox 833 2079 898 2113; x_wconf 75' lang='lat' dir='ltr'><strong>IV.</strong></span> <span class='ocrx_word' id='word_1_245' title='bbox 917 2083 1093 2123; x_wconf 78' lang='lat' dir='ltr'><strong>scriptum</strong></span> <span class='ocrx_word' id='word_1_246' title='bbox 1112 2093 1194 2115; x_wconf 82' lang='lat' dir='ltr'><strong>esse</strong></span> <span class='ocrx_word' id='word_1_247' title='bbox 1214 2083 1359 2114; x_wconf 83' lang='lat' dir='ltr'><strong>circiter</strong></span> <span class='ocrx_word' id='word_1_248' title='bbox 1377 2092 1438 2113; x_wconf 76' lang='lat' dir='ltr'><strong>an-</strong></span> 
     </span>
     <span class='ocr_line' id='line_1_35' title="bbox 132 2128 1439 2169; baseline -0.002 -8"><span class='ocrx_word' id='word_1_249' title='bbox 132 2140 215 2162; x_wconf 84' lang='lat' dir='ltr'><strong>num</strong></span> <span class='ocrx_word' id='word_1_250' title='bbox 234 2131 313 2162; x_wconf 80' lang='lat'><strong>426.</strong></span> <span class='ocrx_word' id='word_1_251' title='bbox 361 2128 453 2161; x_wconf 77' lang='lat' dir='ltr'><strong>Nam</strong></span> <span class='ocrx_word' id='word_1_252' title='bbox 473 2128 632 2167; x_wconf 61' lang='lat' dir='ltr'><strong>Aug-nst..</strong></span> <span class='ocrx_word' id='word_1_253' title='bbox 653 2128 688 2159; x_wconf 90' lang='lat' dir='ltr'><strong>in</strong></span> <span class='ocrx_word' id='word_1_254' title='bbox 709 2128 972 2160; x_wconf 66' lang='lat' dir='ltr'><strong>Mauretaniam</strong></span> <span class='ocrx_word' id='word_1_255' title='bbox 996 2128 1144 2162; x_wconf 71' lang='lat' dir='ltr'><strong>Caesar.</strong></span> <span class='ocrx_word' id='word_1_256' title='bbox 1172 2128 1357 2169; x_wconf 81' lang='lat' dir='ltr'><strong>profectus</strong></span> <span class='ocrx_word' id='word_1_257' title='bbox 1383 2131 1439 2160; x_wconf 83' lang='lat' dir='ltr'><strong>est</strong></span> 
     </span>
     <span class='ocr_line' id='line_1_36' title="bbox 133 2174 1439 2218; baseline -0.001 -11"><span class='ocrx_word' id='word_1_258' title='bbox 133 2186 165 2207; x_wconf 80' lang='lat' dir='ltr'><strong>a.</strong></span> <span class='ocrx_word' id='word_1_259' title='bbox 184 2178 263 2214; x_wconf 80' lang='lat'>418,</span> <span class='ocrx_word' id='word_1_260' title='bbox 287 2175 339 2207; x_wconf 83' lang='lat' dir='ltr'><strong>uti</strong></span> <span class='ocrx_word' id='word_1_261' title='bbox 367 2186 414 2206; x_wconf 79' lang='lat' dir='ltr'><strong>ex</strong></span> <span class='ocrx_word' id='word_1_262' title='bbox 439 2184 526 2216; x_wconf 82' lang='lat' dir='ltr'><strong>epp.</strong></span> <span class='ocrx_word' id='word_1_263' title='bbox 547 2176 619 2206; x_wconf 74' lang='lat'><strong>190,</strong></span> <span class='ocrx_word' id='word_1_264' title='bbox 640 2178 675 2205; x_wconf 84' lang='lat' dir='ltr'><strong>et</strong></span> <span class='ocrx_word' id='word_1_265' title='bbox 697 2177 770 2207; x_wconf 66' lang='lat'><strong>195.</strong></span> <span class='ocrx_word' id='word_1_266' title='bbox 790 2174 1046 2217; x_wconf 77' lang='lat' dir='ltr'><strong>perspicimus.</strong></span> <span class='ocrx_word' id='word_1_267' title='bbox 1095 2175 1132 2218; x_wconf 80' lang='lat'><strong>2)</strong></span> <span class='ocrx_word' id='word_1_268' title='bbox 1153 2175 1240 2207; x_wconf 80' lang='lat' dir='ltr'><strong>Mss.</strong></span> <span class='ocrx_word' id='word_1_269' title='bbox 1262 2175 1347 2208; x_wconf 75' lang='lat' dir='ltr'><strong>Ben.</strong></span> <span class='ocrx_word' id='word_1_270' title='bbox 1364 2176 1384 2206; x_wconf 82' lang='lat'>4</span> <span class='ocrx_word' id='word_1_271' title='bbox 1402 2176 1439 2207; x_wconf 84' lang='lat' dir='ltr'><strong>et</strong></span> 
     </span>
     <span class='ocr_line' id='line_1_37' title="bbox 132 2220 527 2266; baseline -0.005 -12"><span class='ocrx_word' id='word_1_272' title='bbox 132 2221 234 2266; x_wconf 82' lang='lat' dir='ltr'><strong>Lips.</strong></span> <span class='ocrx_word' id='word_1_273' title='bbox 253 2226 289 2256; x_wconf 83' lang='lat'><strong>2:</strong></span> <span class='ocrx_word' id='word_1_274' title='bbox 316 2220 527 2255; x_wconf 72' lang='lat' dir='ltr'><strong>imitantur,</strong></span> 
     </span>
    </p>
   </div>
  </div>
 </body>
</html>
