1503 2465
137 122 190 162 66
498 118 734 159 AURELH
763 117 1082 159 AUGUSTINI

140 205 430 259 operandum,
449 203 537 243 nisi
551 202 671 243 forte
693 203 888 242 officium
909 203 1094 256 aliquod
1113 207 1248 255 cogat
1267 202 1340 250 (de
1357 214 1443 255 quo

139 275 254 302 nunc
281 274 369 300 non
395 260 614 313 agimus),
650 258 731 297 sed
759 258 814 298 ad
838 258 1147 307 iudicandum,
1182 270 1235 297 ne
1265 260 1445 297 omnino

140 318 395 357 nesciamus
425 315 531 368 quid
554 314 779 366 scriptura
801 313 910 352 velit
941 314 1189 362 insinuare,
1226 326 1359 366 quum
1392 312 1446 352 de

140 373 208 413 his
229 372 399 412 artibus
419 372 592 423 aliquas
613 369 827 422 figuratas
845 369 1102 408 locutiones
1120 369 1292 408 inserit.

198 429 244 467 C.
265 427 430 466 XXXI.
493 427 679 465 Restant
704 438 775 474 ea,
804 437 917 478 quae
937 437 1025 463 non
1049 424 1106 464 ad
1126 424 1330 476 corporis
1350 436 1447 463 sen-

141 498 238 533 sus,
266 483 346 523 sed
365 482 419 521 ad
438 483 659 521 rationem
677 481 813 520 animi
839 480 1085 532 pertinent,
1109 480 1184 519 ubi
1210 479 1450 531 disciplina

141 544 301 594 regnat
328 537 646 590 disputationis
669 541 714 575 et
746 536 934 575 numeri.
1003 535 1091 575 Sed
1128 535 1447 587 disputationis

144 595 385 647 disciplina
419 593 475 632 ad
508 594 657 633 omnia
690 604 860 645 genera
892 592 1226 644 quaestionum,
1263 601 1376 643 quae
1402 589 1450 628 in

143 652 290 692 literis
311 649 478 689 sanctis
497 652 599 688 sunt
619 647 897 700 penetranda
917 652 961 686 et
979 646 1287 694 dissolvenda,
1313 645 1449 698 pluri-

143 720 261 746 mum
282 706 419 754 valet3
438 710 607 743 tantum
626 704 691 743 ibi
709 704 908 743 cavenda
927 709 995 742 est
1014 702 1154 741 libido
1175 702 1376 750 rixandi,
1404 705 1452 740 et

147 762 332 817 puerilis
352 760 569 813 quaedam
591 760 835 799 ostentatio
856 758 1110 810 decipiendi
1129 757 1448 796 adversarium,

147 819 259 859 Sunt
297 818 413 856 enim
454 815 594 854 multa
630 828 741 867 quae
782 814 1067 867 adpellantur
1099 811 1330 866 sophism
1345 816 1451 860 ata,

145 873 288 913 falsae
311 871 627 911 conclusiones
646 871 891 918 rationum,
928 875 972 909 et
1000 870 1261 921 plerumque
1292 868 1356 907 ita
1377 878 1450 906 ve-

144 942 218 969 ras
236 929 485 975 imitantes,
522 932 675 965 utnon
694 926 838 966 solum
866 925 1042 974 tardos,
1078 925 1155 964 sed
1183 922 1449 977 ingeniosos

148 987 282 1025 etiam
306 984 451 1023 minus
475 982 716 1035 diligenter
740 982 951 1021 adtentos
979 981 1219 1032 decipiant.
1280 978 1450 1030 Propo-

147 1041 237 1081 suit
277 1040 392 1079 enim
428 1038 606 1091 quidam
640 1036 795 1078 (licens
826 1038 867 1076 ei
904 1050 999 1076 cnm
1036 1050 1122 1089 quo
1159 1035 1449 1087 loquebatur:

147 1096 267 1150 quod
287 1107 370 1148 ego
393 1107 509 1142 sum,
542 1098 590 1132 tu
610 1105 696 1132 non
719 1105 780 1133 es.
840 1094 894 1132 At
918 1092 994 1131 ille
1015 1091 1264 1139 consensit3
1297 1101 1452 1129 verum

148 1152 266 1192 enim
286 1155 381 1190 erat
400 1161 454 1189 ex
472 1153 613 1201 parte,
632 1149 705 1188 vel
725 1161 778 1188 eo
800 1148 915 1201 ipso,
946 1147 1063 1200 quod
1083 1149 1169 1186 iste
1188 1144 1451 1193 insidiosus,

144 1208 223 1248 ille
244 1206 433 1258 simplex
454 1210 563 1244 erat.
624 1205 751 1244 Tunc
770 1205 855 1244 iste
880 1203 1071 1243 addidit:
1101 1215 1185 1255 ego
1208 1207 1357 1240 autem
1374 1199 1452 1239 ho-

144 1276 217 1303 mo
238 1275 347 1302 sum.
408 1260 508 1300 Hoc
528 1272 705 1314 quoque
726 1273 858 1313 quum
879 1260 933 1299 ab
952 1259 1032 1299 illo
1052 1258 1318 1310 accepisset,
1348 1268 1451 1295 con-

146 1319 281 1359 clusit
298 1318 471 1357 dicens:
490 1321 538 1355 tu
558 1316 697 1368 igitur
714 1329 802 1355 non
823 1328 869 1355 es
890 1314 1038 1355 homo.
1056 1317 1095 1363 ¹)
1157 1313 1287 1362 Quod
1308 1324 1450 1365 genus

146 1375 450 1427 captiosarum
464 1372 804 1411 conclusionum
818 1372 1053 1423 scriptura,
1070 1374 1279 1422 quantum
1297 1367 1450 1408 existi⁶

144 1443 242 1479 mo,
271 1429 523 1469 detestatur
539 1426 619 1465 illo
638 1427 763 1475 loco,
790 1427 863 1467 ubi
885 1427 1049 1466 dictum
1077 1430 1167 1465 est:
1204 1423 1292 1474 Qui
1310 1421 1450 1476 sophi-

145 1485 249 1526 stice
266 1483 477 1537 loquitur,
505 1481 672 1522 odibilis
692 1485 825 1531 est2);
859 1494 1123 1535 quamquam
1143 1481 1276 1520 etiam
1303 1490 1450 1518 sermo

145 1554 236 1581 non
254 1540 498 1594 captiosus,
526 1537 607 1577 sed
625 1544 774 1578 tamen
793 1537 1090 1577 abundantius
1111 1548 1240 1589 quam
1259 1536 1451 1590 gravita-

145 1603 237 1637 tem
255 1596 403 1643 decet,
436 1593 677 1634 verborum
697 1599 959 1633 ornamenta
978 1597 1266 1641 consectans,
1302 1588 1452 1643 sophi-

147 1653 287 1692 sticus
308 1652 485 1690 dicitur.
547 1649 659 1690 Sunt
680 1651 812 1689 etiam
835 1661 965 1689 verae
986 1647 1291 1688 connexiones
1312 1645 1449 1685 ratio-

147 1707 386 1747 cinationis
417 1705 556 1744 falsas
592 1704 807 1745 habentes
841 1705 1113 1753 sententias,
1149 1715 1261 1755 quae
1296 1712 1451 1741 conse-

146 1768 340 1816 quuntur
361 1773 560 1800 errorem
579 1761 716 1808 illius,
742 1774 838 1800 cum
859 1772 945 1814 quo
968 1761 1137 1813 agitur3
1171 1770 1283 1812 quae
1302 1762 1451 1797 tamen

144 1819 201 1858 ad
223 1817 306 1857 hoc
321 1816 575 1856 inferuntur
594 1829 619 1855 a
636 1816 755 1855 bono
780 1822 824 1855 et
843 1816 977 1855 docto
1006 1814 1208 1863 homine,
1243 1813 1357 1853 utin
1384 1813 1448 1851 ei<

146 1874 417 1914 erubescens
436 1871 536 1920 ille,
572 1872 699 1911 cuius
721 1883 920 1911 errorem
941 1874 1295 1924 consequuntur,
1330 1880 1448 1907 eum-

147 1930 246 1969 dem
267 1928 491 1981 relinquat
509 1939 725 1975 errorem,
752 1927 856 1979 quia
874 1928 913 1966 si
932 1927 975 1965 in
996 1926 1154 1966 eodem
1172 1935 1353 1964 manere
1373 1935 1448 1961 vo-

143 1985 294 2034 luerit,
322 1994 506 2022 necesse
527 1988 596 2021 est
615 1982 749 2021 etiam
772 1982 851 2022 illa
871 1994 983 2035 quae
1003 1983 1185 2022 damnat
1200 1985 1355 2020 tenere
1375 1990 1447 2017 co-

195 2123 229 2159 l)
255 2123 369 2161 „Hoc
396 2120 606 2163 syllogismo
626 2121 770 2163 quidam
797 2120 949 2153 adorsus
968 2120 1170 2160 Diogenem
1189 2119 1269 2161 ipse
1287 2117 1386 2150 facta
1403 2116 1446 2148 ab

146 2168 368 2211 philosopho
396 2168 632 2201 conversione
660 2171 788 2210 captus
816 2166 1090 2199 (le1·i‹lebatur.“
1123 2166 1210 2198 Ben.
1266 2163 1303 2206 2)
1331 2162 1446 2196 Sirac.

146 2218 199 2255 37,
220 2219 274 2248 20.
1356 2219 1358 2221 ·
