<?xml version="1.0" encoding="UTF-8"?>
<!DOCTYPE html PUBLIC "-//W3C//DTD XHTML 1.0 Transitional//EN"
    "http://www.w3.org/TR/xhtml1/DTD/xhtml1-transitional.dtd">
<html xmlns="http://www.w3.org/1999/xhtml" xml:lang="en" lang="en">
 <head>
  <title>
</title>
<meta http-equiv="Content-Type" content="text/html;charset=utf-8" />
  <meta name='ocr-system' content='tesseract 3.04.00' />
  <meta name='ocr-capabilities' content='ocr_page ocr_carea ocr_par ocr_line ocrx_word'/>
</head>
<body>
  <div class='ocr_page' id='page_1' title='image "./dedoctrinachrist00augu_0281.png"; bbox 0 0 1503 2465; ppageno 0'>
   <div class='ocr_carea' id='block_1_1' title="bbox 321 120 1394 171">
    <p class='ocr_par' dir='ltr' id='par_1_1' title="bbox 321 120 1394 171">
     <span class='ocr_line' id='line_1_1' title="bbox 321 120 1394 171; baseline -0.009 0"><span class='ocrx_word' id='word_1_1' title='bbox 321 125 717 171; x_wconf 79' lang='lat' dir='ltr'><strong>ENCHIRIDION</strong></span> <span class='ocrx_word' id='word_1_2' title='bbox 745 126 822 167; x_wconf 76' lang='lat' dir='ltr'>AD</span> <span class='ocrx_word' id='word_1_3' title='bbox 854 123 1148 166; x_wconf 68' lang='lat' dir='ltr'>LAURENT.</span> <span class='ocrx_word' id='word_1_4' title='bbox 1312 120 1394 162; x_wconf 78' lang='lat'>243</span> 
     </span>
    </p>
   </div>
   <div class='ocr_carea' id='block_1_2' title="bbox 78 205 1399 2101">
    <p class='ocr_par' dir='ltr' id='par_1_2' title="bbox 78 205 1396 647">
     <span class='ocr_line' id='line_1_2' title="bbox 79 205 1396 261; baseline -0.008 -4"><span class='ocrx_word' id='word_1_5' title='bbox 79 216 204 259; x_wconf 86' lang='lat' dir='ltr'>illam</span> <span class='ocrx_word' id='word_1_6' title='bbox 222 215 394 255; x_wconf 86' lang='lat' dir='ltr'>ruinam</span> <span class='ocrx_word' id='word_1_7' title='bbox 413 213 558 254; x_wconf 83' lang='lat' dir='ltr'>maior</span> <span class='ocrx_word' id='word_1_8' title='bbox 582 217 651 253; x_wconf 82' lang='lat' dir='ltr'>est</span> <span class='ocrx_word' id='word_1_9' title='bbox 674 210 990 252; x_wconf 78' lang='lat' dir='ltr'>misericordia</span> <span class='ocrx_word' id='word_1_10' title='bbox 1006 209 1114 258; x_wconf 86' lang='lat' dir='ltr'>Dei,</span> <span class='ocrx_word' id='word_1_11' title='bbox 1141 205 1319 261; x_wconf 84' lang='lat' dir='ltr'>quando</span> <span class='ocrx_word' id='word_1_12' title='bbox 1350 213 1396 246; x_wconf 85' lang='lat' dir='ltr'>et</span> 
     </span>
     <span class='ocr_line' id='line_1_3' title="bbox 79 265 1394 326; baseline -0.009 -13"><span class='ocrx_word' id='word_1_13' title='bbox 79 274 224 326; x_wconf 87' lang='lat' dir='ltr'>ipsum</span> <span class='ocrx_word' id='word_1_14' title='bbox 254 267 489 324; x_wconf 87' lang='lat' dir='ltr'>[liberum]</span> <span class='ocrx_word' id='word_1_15' title='bbox 520 268 755 309; x_wconf 80' lang='lat' dir='ltr'>arbitrium</span> <span class='ocrx_word' id='word_1_16' title='bbox 781 265 1063 307; x_wconf 85' lang='lat' dir='ltr'>liberandum</span> <span class='ocrx_word' id='word_1_17' title='bbox 1101 270 1170 304; x_wconf 86' lang='lat' dir='ltr'>est</span> <span class='ocrx_word' id='word_1_18' title='bbox 1203 275 1228 303; x_wconf 83' lang='lat' dir='ltr'>a</span> <span class='ocrx_word' id='word_1_19' title='bbox 1256 265 1394 303; x_wconf 75' lang='lat' dir='ltr'>servi·</span> 
     </span>
     <span class='ocr_line' id='line_1_4' title="bbox 78 317 1396 377; baseline -0.01 -8"><span class='ocrx_word' id='word_1_20' title='bbox 78 334 191 377; x_wconf 87' lang='lat' dir='ltr'>tute,</span> <span class='ocrx_word' id='word_1_21' title='bbox 212 328 283 367; x_wconf 88' lang='lat' dir='ltr'>cui</span> <span class='ocrx_word' id='word_1_22' title='bbox 302 326 557 366; x_wconf 84' lang='lat' dir='ltr'>dominatur</span> <span class='ocrx_word' id='word_1_23' title='bbox 576 336 675 364; x_wconf 86' lang='lat' dir='ltr'>cum</span> <span class='ocrx_word' id='word_1_24' title='bbox 692 329 839 362; x_wconf 87' lang='lat' dir='ltr'>morte</span> <span class='ocrx_word' id='word_1_25' title='bbox 860 326 1107 375; x_wconf 85' lang='lat' dir='ltr'>peccatum.</span> <span class='ocrx_word' id='word_1_26' title='bbox 1140 317 1235 359; x_wconf 84' lang='lat' dir='ltr'>Nec</span> <span class='ocrx_word' id='word_1_27' title='bbox 1256 318 1396 358; x_wconf 83' lang='lat' dir='ltr'>onini-</span> 
     </span>
     <span class='ocr_line' id='line_1_5' title="bbox 80 375 1395 436; baseline -0.008 -13"><span class='ocrx_word' id='word_1_28' title='bbox 80 396 138 424; x_wconf 91' lang='lat' dir='ltr'>no</span> <span class='ocrx_word' id='word_1_29' title='bbox 159 395 237 436; x_wconf 89' lang='lat' dir='ltr'>per</span> <span class='ocrx_word' id='word_1_30' title='bbox 256 395 304 422; x_wconf 86' lang='lat' dir='ltr'>se</span> <span class='ocrx_word' id='word_1_31' title='bbox 322 383 482 435; x_wconf 86' lang='lat' dir='ltr'>ipsum,</span> <span class='ocrx_word' id='word_1_32' title='bbox 511 379 591 420; x_wconf 87' lang='lat' dir='ltr'>sed</span> <span class='ocrx_word' id='word_1_33' title='bbox 610 391 690 432; x_wconf 88' lang='lat' dir='ltr'>per</span> <span class='ocrx_word' id='word_1_34' title='bbox 707 378 850 418; x_wconf 83' lang='lat' dir='ltr'>solam</span> <span class='ocrx_word' id='word_1_35' title='bbox 870 377 957 417; x_wconf 88' lang='lat' dir='ltr'>Dei</span> <span class='ocrx_word' id='word_1_36' title='bbox 975 377 1183 430; x_wconf 77' lang='lat' dir='ltr'>gratiam,</span> <span class='ocrx_word' id='word_1_37' title='bbox 1216 375 1395 428; x_wconf 86' lang='lat' dir='ltr'>quaein</span> 
     </span>
     <span class='ocr_line' id='line_1_6' title="bbox 80 430 1394 489; baseline -0.009 -9"><span class='ocrx_word' id='word_1_38' title='bbox 80 440 169 480; x_wconf 88' lang='lat' dir='ltr'>fide</span> <span class='ocrx_word' id='word_1_39' title='bbox 196 437 360 478; x_wconf 86' lang='lat' dir='ltr'>Christi</span> <span class='ocrx_word' id='word_1_40' title='bbox 391 438 540 489; x_wconf 86' lang='lat' dir='ltr'>posita</span> <span class='ocrx_word' id='word_1_41' title='bbox 565 442 657 485; x_wconf 88' lang='lat' dir='ltr'>est,</span> <span class='ocrx_word' id='word_1_42' title='bbox 693 434 934 483; x_wconf 79' lang='lat' dir='ltr'>liberatur3</span> <span class='ocrx_word' id='word_1_43' title='bbox 971 438 1019 472; x_wconf 89' lang='lat' dir='ltr'>ut</span> <span class='ocrx_word' id='word_1_44' title='bbox 1045 431 1254 472; x_wconf 67' lang='lat' dir='ltr'>voluntas</span> <span class='ocrx_word' id='word_1_45' title='bbox 1280 430 1394 482; x_wconf 82' lang='lat' dir='ltr'>ipsa,</span> 
     </span>
     <span class='ocr_line' id='line_1_7' title="bbox 80 489 1394 546; baseline -0.008 -11"><span class='ocrx_word' id='word_1_46' title='bbox 80 497 198 535; x_wconf 90' lang='lat' dir='ltr'>sicut</span> <span class='ocrx_word' id='word_1_47' title='bbox 215 494 430 546; x_wconf 85' lang='lat' dir='ltr'>scriptum</span> <span class='ocrx_word' id='word_1_48' title='bbox 453 498 522 532; x_wconf 84' lang='lat' dir='ltr'>est</span> <span class='ocrx_word' id='word_1_49' title='bbox 538 494 593 542; x_wconf 87' lang='lat'>¹),</span> <span class='ocrx_word' id='word_1_50' title='bbox 624 504 650 530; x_wconf 87' lang='lat' dir='ltr'>a</span> <span class='ocrx_word' id='word_1_51' title='bbox 667 489 864 530; x_wconf 87' lang='lat' dir='ltr'>Domino</span> <span class='ocrx_word' id='word_1_52' title='bbox 885 492 1193 543; x_wconf 65' lang='lat' dir='ltr'>praeparetur,</span> <span class='ocrx_word' id='word_1_53' title='bbox 1220 498 1306 539; x_wconf 86' lang='lat' dir='ltr'>qua</span> <span class='ocrx_word' id='word_1_54' title='bbox 1325 498 1394 524; x_wconf 85' lang='lat' dir='ltr'>ce-</span> 
     </span>
     <span class='ocr_line' id='line_1_8' title="bbox 80 539 1396 600; baseline -0.008 -10"><span class='ocrx_word' id='word_1_55' title='bbox 80 557 180 590; x_wconf 83' lang='lat' dir='ltr'>tera</span> <span class='ocrx_word' id='word_1_56' title='bbox 208 549 295 589; x_wconf 87' lang='lat' dir='ltr'>Dei</span> <span class='ocrx_word' id='word_1_57' title='bbox 327 560 514 589; x_wconf 88' lang='lat' dir='ltr'>munera</span> <span class='ocrx_word' id='word_1_58' title='bbox 546 548 803 600; x_wconf 78' lang='lat' dir='ltr'>capiantur,</span> <span class='ocrx_word' id='word_1_59' title='bbox 838 541 919 598; x_wconf 83' lang='lat' dir='ltr'>per</span> <span class='ocrx_word' id='word_1_60' title='bbox 952 555 1065 598; x_wconf 88' lang='lat' dir='ltr'>quae</span> <span class='ocrx_word' id='word_1_61' title='bbox 1098 542 1304 582; x_wconf 67' lang='lat' dir='ltr'>veniatur</span> <span class='ocrx_word' id='word_1_62' title='bbox 1339 539 1396 580; x_wconf 79' lang='lat' dir='ltr'>ad</span> 
     </span>
     <span class='ocr_line' id='line_1_9' title="bbox 79 610 505 647; baseline -0.009 -1"><span class='ocrx_word' id='word_1_63' title='bbox 79 611 238 647; x_wconf 82' lang='lat' dir='ltr'>munus</span> <span class='ocrx_word' id='word_1_64' title='bbox 257 610 505 645; x_wconf 84' lang='lat' dir='ltr'>aeternum.</span> 
     </span>
    </p>

    <p class='ocr_par' dir='ltr' id='par_1_3' title="bbox 80 656 1399 1881">
     <span class='ocr_line' id='line_1_10' title="bbox 138 656 1394 711; baseline -0.009 -10"><span class='ocrx_word' id='word_1_65' title='bbox 138 663 184 701; x_wconf 91' lang='lat' dir='ltr'>C.</span> <span class='ocrx_word' id='word_1_66' title='bbox 213 659 342 701; x_wconf 83' lang='lat' dir='ltr'><strong>CVII.</strong></span> <span class='ocrx_word' id='word_1_67' title='bbox 402 659 530 699; x_wconf 85' lang='lat' dir='ltr'>Unde</span> <span class='ocrx_word' id='word_1_68' title='bbox 564 663 609 698; x_wconf 91' lang='lat' dir='ltr'>et</span> <span class='ocrx_word' id='word_1_69' title='bbox 638 658 781 711; x_wconf 84' lang='lat' dir='ltr'>ipsam</span> <span class='ocrx_word' id='word_1_70' title='bbox 813 656 951 696; x_wconf 67' lang='lat' dir='ltr'>vitam</span> <span class='ocrx_word' id='word_1_71' title='bbox 991 661 1244 701; x_wconf 83' lang='lat' dir='ltr'>aeternam,</span> <span class='ocrx_word' id='word_1_72' title='bbox 1281 664 1394 705; x_wconf 85' lang='lat' dir='ltr'>quae</span> 
     </span>
     <span class='ocr_line' id='line_1_11' title="bbox 82 708 1395 766; baseline -0.008 -9"><span class='ocrx_word' id='word_1_73' title='bbox 82 724 204 757; x_wconf 82' lang='lat' dir='ltr'>certe</span> <span class='ocrx_word' id='word_1_74' title='bbox 229 728 403 757; x_wconf 78' lang='lat' dir='ltr'>merces</span> <span class='ocrx_word' id='word_1_75' title='bbox 429 722 498 756; x_wconf 86' lang='lat' dir='ltr'>est</span> <span class='ocrx_word' id='word_1_76' title='bbox 527 726 710 766; x_wconf 87' lang='lat' dir='ltr'>operum</span> <span class='ocrx_word' id='word_1_77' title='bbox 728 712 971 760; x_wconf 82' lang='lat' dir='ltr'>bonorum,</span> <span class='ocrx_word' id='word_1_78' title='bbox 1005 712 1194 764; x_wconf 79' lang='lat' dir='ltr'>gratiam</span> <span class='ocrx_word' id='word_1_79' title='bbox 1213 708 1297 748; x_wconf 87' lang='lat' dir='ltr'>Dei</span> <span class='ocrx_word' id='word_1_80' title='bbox 1321 708 1395 747; x_wconf 83' lang='lat' dir='ltr'>ad-</span> 
     </span>
     <span class='ocr_line' id='line_1_12' title="bbox 80 761 1399 826; baseline -0.008 -13"><span class='ocrx_word' id='word_1_81' title='bbox 80 774 222 826; x_wconf 86' lang='lat' dir='ltr'>pellat</span> <span class='ocrx_word' id='word_1_82' title='bbox 240 771 490 825; x_wconf 82' lang='lat' dir='ltr'>apostolus.</span> <span class='ocrx_word' id='word_1_83' title='bbox 551 769 819 822; x_wconf 73' lang='lat' dir='ltr'>Stipendium</span> <span class='ocrx_word' id='word_1_84' title='bbox 838 766 963 816; x_wconf 81' lang='lat' dir='ltr'>enim,</span> <span class='ocrx_word' id='word_1_85' title='bbox 984 766 1130 820; x_wconf 87' lang='lat' dir='ltr'>inquit</span> <span class='ocrx_word' id='word_1_86' title='bbox 1145 766 1201 816; x_wconf 82' lang='lat'>2),</span> <span class='ocrx_word' id='word_1_87' title='bbox 1223 761 1399 817; x_wconf 70' lang='lat' dir='ltr'>peceati</span> 
     </span>
     <span class='ocr_line' id='line_1_13' title="bbox 81 818 1393 882; baseline -0.008 -14"><span class='ocrx_word' id='word_1_88' title='bbox 81 842 216 878; x_wconf 79' lang='lat' dir='ltr'>mors,</span> <span class='ocrx_word' id='word_1_89' title='bbox 249 827 403 882; x_wconf 77' lang='lat' dir='ltr'>gratia</span> <span class='ocrx_word' id='word_1_90' title='bbox 427 833 569 866; x_wconf 78' lang='lat' dir='ltr'>antem.</span> <span class='ocrx_word' id='word_1_91' title='bbox 592 824 676 865; x_wconf 73' lang='lat' dir='ltr'>Dei</span> <span class='ocrx_word' id='word_1_92' title='bbox 702 824 790 864; x_wconf 75' lang='lat' dir='ltr'>vita</span> <span class='ocrx_word' id='word_1_93' title='bbox 813 830 992 864; x_wconf 81' lang='lat' dir='ltr'>aeterna</span> <span class='ocrx_word' id='word_1_94' title='bbox 1018 821 1063 863; x_wconf 79' lang='lat' dir='ltr'>in</span> <span class='ocrx_word' id='word_1_95' title='bbox 1085 820 1260 861; x_wconf 70' lang='lat' dir='ltr'>Christo</span> <span class='ocrx_word' id='word_1_96' title='bbox 1281 818 1393 866; x_wconf 73' lang='lat' dir='ltr'>Iesu,</span> 
     </span>
     <span class='ocr_line' id='line_1_14' title="bbox 83 875 1397 934; baseline -0.008 -10"><span class='ocrx_word' id='word_1_97' title='bbox 83 883 254 924; x_wconf 80' lang='lat' dir='ltr'>domino</span> <span class='ocrx_word' id='word_1_98' title='bbox 275 890 438 923; x_wconf 79' lang='lat' dir='ltr'>nostro.</span> <span class='ocrx_word' id='word_1_99' title='bbox 501 881 783 934; x_wconf 84' lang='lat' dir='ltr'>Stipendium</span> <span class='ocrx_word' id='word_1_100' title='bbox 802 892 883 933; x_wconf 87' lang='lat' dir='ltr'>pro</span> <span class='ocrx_word' id='word_1_101' title='bbox 905 890 1042 932; x_wconf 86' lang='lat' dir='ltr'>opere</span> <span class='ocrx_word' id='word_1_102' title='bbox 1062 877 1250 917; x_wconf 87' lang='lat' dir='ltr'>militiae</span> <span class='ocrx_word' id='word_1_103' title='bbox 1272 875 1397 915; x_wconf 72' lang='lat' dir='ltr'>debi-</span> 
     </span>
     <span class='ocr_line' id='line_1_15' title="bbox 82 931 1393 987; baseline -0.009 -7"><span class='ocrx_word' id='word_1_104' title='bbox 82 947 174 980; x_wconf 86' lang='lat' dir='ltr'>tum</span> <span class='ocrx_word' id='word_1_105' title='bbox 188 939 405 987; x_wconf 74' lang='lat' dir='ltr'>redditur,</span> <span class='ocrx_word' id='word_1_106' title='bbox 422 952 510 978; x_wconf 86' lang='lat' dir='ltr'>non</span> <span class='ocrx_word' id='word_1_107' title='bbox 522 937 732 987; x_wconf 69' lang='lat' dir='ltr'>donatia-3</span> <span class='ocrx_word' id='word_1_108' title='bbox 752 936 858 976; x_wconf 84' lang='lat' dir='ltr'>ideo</span> <span class='ocrx_word' id='word_1_109' title='bbox 874 935 1005 975; x_wconf 86' lang='lat' dir='ltr'>dixit:</span> <span class='ocrx_word' id='word_1_110' title='bbox 1025 931 1393 986; x_wconf 75' lang='lat' dir='ltr'>stipendiumpec-</span> 
     </span>
     <span class='ocr_line' id='line_1_16' title="bbox 83 987 1394 1045; baseline -0.008 -10"><span class='ocrx_word' id='word_1_111' title='bbox 83 995 173 1035; x_wconf 69' lang='lat' dir='ltr'>cati</span> <span class='ocrx_word' id='word_1_112' title='bbox 191 1008 325 1044; x_wconf 83' lang='lat' dir='ltr'>mors,</span> <span class='ocrx_word' id='word_1_113' title='bbox 360 1003 409 1034; x_wconf 82' lang='lat' dir='ltr'>ut</span> <span class='ocrx_word' id='word_1_114' title='bbox 425 999 615 1034; x_wconf 80' lang='lat' dir='ltr'>mortem</span> <span class='ocrx_word' id='word_1_115' title='bbox 641 998 829 1045; x_wconf 84' lang='lat' dir='ltr'>peccato</span> <span class='ocrx_word' id='word_1_116' title='bbox 852 1004 940 1030; x_wconf 89' lang='lat' dir='ltr'>non</span> <span class='ocrx_word' id='word_1_117' title='bbox 962 990 1186 1030; x_wconf 84' lang='lat' dir='ltr'>immerito</span> <span class='ocrx_word' id='word_1_118' title='bbox 1206 987 1394 1034; x_wconf 84' lang='lat' dir='ltr'>illatam,</span> 
     </span>
     <span class='ocr_line' id='line_1_17' title="bbox 83 1043 1394 1096; baseline -0.008 -5"><span class='ocrx_word' id='word_1_119' title='bbox 83 1051 162 1091; x_wconf 88' lang='lat' dir='ltr'>sed</span> <span class='ocrx_word' id='word_1_120' title='bbox 190 1050 383 1091; x_wconf 84' lang='lat' dir='ltr'>debitam</span> <span class='ocrx_word' id='word_1_121' title='bbox 408 1050 752 1089; x_wconf 84' lang='lat' dir='ltr'>demonstraret.</span> <span class='ocrx_word' id='word_1_122' title='bbox 813 1047 971 1086; x_wconf 78' lang='lat' dir='ltr'>Gratia</span> <span class='ocrx_word' id='word_1_123' title='bbox 992 1057 1099 1085; x_wconf 69' lang='lat' dir='ltr'>vero</span> <span class='ocrx_word' id='word_1_124' title='bbox 1128 1043 1214 1083; x_wconf 88' lang='lat' dir='ltr'>nisi</span> <span class='ocrx_word' id='word_1_125' title='bbox 1253 1043 1394 1096; x_wconf 80' lang='lat' dir='ltr'>gratis</span> 
     </span>
     <span class='ocr_line' id='line_1_18' title="bbox 84 1099 1396 1159; baseline -0.008 -13"><span class='ocrx_word' id='word_1_126' title='bbox 84 1114 168 1155; x_wconf 86' lang='lat' dir='ltr'>est,</span> <span class='ocrx_word' id='word_1_127' title='bbox 188 1108 335 1159; x_wconf 75' lang='lat' dir='ltr'>gratia</span> <span class='ocrx_word' id='word_1_128' title='bbox 355 1118 439 1145; x_wconf 90' lang='lat' dir='ltr'>non</span> <span class='ocrx_word' id='word_1_129' title='bbox 460 1111 542 1144; x_wconf 87' lang='lat' dir='ltr'>est.</span> <span class='ocrx_word' id='word_1_130' title='bbox 558 1105 599 1154; x_wconf 74' lang='grc'>3)</span> <span class='ocrx_word' id='word_1_131' title='bbox 648 1103 995 1157; x_wconf 77' lang='lat' dir='ltr'>Intelligendum</span> <span class='ocrx_word' id='word_1_132' title='bbox 1016 1107 1084 1141; x_wconf 89' lang='lat' dir='ltr'>est</span> <span class='ocrx_word' id='word_1_133' title='bbox 1104 1101 1241 1153; x_wconf 78' lang='lat' dir='ltr'>igitur</span> <span class='ocrx_word' id='word_1_134' title='bbox 1259 1099 1396 1138; x_wconf 79' lang='lat' dir='ltr'>etiam</span> 
     </span>
     <span class='ocr_line' id='line_1_19' title="bbox 83 1154 1393 1215; baseline -0.008 -12"><span class='ocrx_word' id='word_1_135' title='bbox 83 1165 182 1215; x_wconf 83' lang='lat' dir='ltr'>ipsa</span> <span class='ocrx_word' id='word_1_136' title='bbox 207 1161 400 1202; x_wconf 81' lang='lat' dir='ltr'>hominis</span> <span class='ocrx_word' id='word_1_137' title='bbox 424 1162 544 1200; x_wconf 85' lang='lat' dir='ltr'>bona</span> <span class='ocrx_word' id='word_1_138' title='bbox 569 1161 732 1200; x_wconf 82' lang='lat' dir='ltr'>merita</span> <span class='ocrx_word' id='word_1_139' title='bbox 758 1171 858 1198; x_wconf 77' lang='lat' dir='ltr'>esse</span> <span class='ocrx_word' id='word_1_140' title='bbox 878 1158 962 1197; x_wconf 89' lang='lat' dir='ltr'>Dei</span> <span class='ocrx_word' id='word_1_141' title='bbox 985 1168 1188 1203; x_wconf 85' lang='lat' dir='ltr'>munera,</span> <span class='ocrx_word' id='word_1_142' title='bbox 1232 1154 1393 1208; x_wconf 81' lang='lat' dir='ltr'>quibus</span> 
     </span>
     <span class='ocr_line' id='line_1_20' title="bbox 85 1212 1395 1271; baseline -0.007 -14"><span class='ocrx_word' id='word_1_143' title='bbox 85 1231 216 1271; x_wconf 80' lang='lat' dir='ltr'>quum</span> <span class='ocrx_word' id='word_1_144' title='bbox 238 1220 329 1257; x_wconf 63' lang='lat' dir='ltr'>rita</span> <span class='ocrx_word' id='word_1_145' title='bbox 347 1223 533 1256; x_wconf 86' lang='lat' dir='ltr'>aeterna</span> <span class='ocrx_word' id='word_1_146' title='bbox 553 1215 772 1264; x_wconf 81' lang='lat' dir='ltr'>redditur,</span> <span class='ocrx_word' id='word_1_147' title='bbox 795 1214 900 1267; x_wconf 84' lang='lat' dir='ltr'>quid</span> <span class='ocrx_word' id='word_1_148' title='bbox 920 1213 1005 1253; x_wconf 87' lang='lat' dir='ltr'>nisi</span> <span class='ocrx_word' id='word_1_149' title='bbox 1027 1212 1173 1266; x_wconf 76' lang='lat' dir='ltr'>gratia</span> <span class='ocrx_word' id='word_1_150' title='bbox 1193 1223 1272 1264; x_wconf 89' lang='lat' dir='ltr'>pro</span> <span class='ocrx_word' id='word_1_151' title='bbox 1295 1223 1395 1263; x_wconf 79' lang='lat' dir='ltr'>gra-</span> 
     </span>
     <span class='ocr_line' id='line_1_21' title="bbox 83 1267 1396 1325; baseline -0.007 -12"><span class='ocrx_word' id='word_1_152' title='bbox 83 1275 149 1313; x_wconf 78' lang='lat' dir='ltr'>tia</span> <span class='ocrx_word' id='word_1_153' title='bbox 173 1272 399 1313; x_wconf 59' lang='lat' dir='ltr'>redditur?</span> <span class='ocrx_word' id='word_1_154' title='bbox 432 1273 505 1312; x_wconf 77' lang='lat' dir='ltr'>Sic</span> <span class='ocrx_word' id='word_1_155' title='bbox 531 1283 640 1325; x_wconf 82' lang='lat' dir='ltr'>ergo</span> <span class='ocrx_word' id='word_1_156' title='bbox 666 1270 811 1311; x_wconf 83' lang='lat' dir='ltr'>factus</span> <span class='ocrx_word' id='word_1_157' title='bbox 838 1274 907 1310; x_wconf 80' lang='lat' dir='ltr'>est</span> <span class='ocrx_word' id='word_1_158' title='bbox 932 1267 1065 1308; x_wconf 83' lang='lat' dir='ltr'>horno</span> <span class='ocrx_word' id='word_1_159' title='bbox 1086 1273 1260 1315; x_wconf 81' lang='lat' dir='ltr'>rectuS,</span> <span class='ocrx_word' id='word_1_160' title='bbox 1285 1272 1332 1305; x_wconf 86' lang='lat' dir='ltr'>ut</span> <span class='ocrx_word' id='word_1_161' title='bbox 1351 1271 1396 1305; x_wconf 89' lang='lat' dir='ltr'>et</span> 
     </span>
     <span class='ocr_line' id='line_1_22' title="bbox 84 1321 1394 1379; baseline -0.005 -11"><span class='ocrx_word' id='word_1_162' title='bbox 84 1341 265 1369; x_wconf 81' lang='lat' dir='ltr'>manere</span> <span class='ocrx_word' id='word_1_163' title='bbox 299 1329 343 1367; x_wconf 91' lang='lat' dir='ltr'>in</span> <span class='ocrx_word' id='word_1_164' title='bbox 370 1340 424 1367; x_wconf 84' lang='lat' dir='ltr'>ea</span> <span class='ocrx_word' id='word_1_165' title='bbox 443 1327 713 1367; x_wconf 68' lang='lat' dir='ltr'>rectitudine</span> <span class='ocrx_word' id='word_1_166' title='bbox 742 1331 897 1379; x_wconf 86' lang='lat' dir='ltr'>posset</span> <span class='ocrx_word' id='word_1_167' title='bbox 922 1338 1009 1364; x_wconf 90' lang='lat' dir='ltr'>non</span> <span class='ocrx_word' id='word_1_168' title='bbox 1035 1323 1131 1364; x_wconf 80' lang='lat' dir='ltr'>sine</span> <span class='ocrx_word' id='word_1_169' title='bbox 1165 1321 1394 1362; x_wconf 87' lang='lat' dir='ltr'>adiutorio</span> 
     </span>
     <span class='ocr_line' id='line_1_23' title="bbox 86 1378 1397 1435; baseline -0.008 -11"><span class='ocrx_word' id='word_1_170' title='bbox 86 1385 259 1434; x_wconf 83' lang='lat' dir='ltr'>divino,</span> <span class='ocrx_word' id='word_1_171' title='bbox 291 1390 336 1423; x_wconf 87' lang='lat' dir='ltr'>et</span> <span class='ocrx_word' id='word_1_172' title='bbox 359 1396 440 1423; x_wconf 86' lang='lat' dir='ltr'>suo</span> <span class='ocrx_word' id='word_1_173' title='bbox 471 1383 565 1423; x_wconf 86' lang='lat' dir='ltr'>fieri</span> <span class='ocrx_word' id='word_1_174' title='bbox 597 1395 834 1435; x_wconf 79' lang='lat' dir='ltr'>perversus</span> <span class='ocrx_word' id='word_1_175' title='bbox 861 1380 1064 1420; x_wconf 84' lang='lat' dir='ltr'>arbitrio.</span> <span class='ocrx_word' id='word_1_176' title='bbox 1123 1378 1397 1418; x_wconf 80' lang='lat' dir='ltr'>Utrumlibet</span> 
     </span>
     <span class='ocr_line' id='line_1_24' title="bbox 86 1432 1395 1492; baseline -0.006 -13"><span class='ocrx_word' id='word_1_177' title='bbox 86 1439 242 1479; x_wconf 81' lang='lat' dir='ltr'>horum</span> <span class='ocrx_word' id='word_1_178' title='bbox 271 1439 509 1492; x_wconf 77' lang='lat' dir='ltr'>elegisset,</span> <span class='ocrx_word' id='word_1_179' title='bbox 544 1438 629 1477; x_wconf 88' lang='lat' dir='ltr'>Dei</span> <span class='ocrx_word' id='word_1_180' title='bbox 656 1438 863 1477; x_wconf 76' lang='lat' dir='ltr'>voluntas</span> <span class='ocrx_word' id='word_1_181' title='bbox 889 1437 1041 1484; x_wconf 85' lang='lat' dir='ltr'>fieret,</span> <span class='ocrx_word' id='word_1_182' title='bbox 1077 1440 1153 1474; x_wconf 82' lang='lat' dir='ltr'>aut</span> <span class='ocrx_word' id='word_1_183' title='bbox 1177 1433 1311 1473; x_wconf 82' lang='lat' dir='ltr'>etiam</span> <span class='ocrx_word' id='word_1_184' title='bbox 1340 1432 1395 1472; x_wconf 86' lang='lat' dir='ltr'>ab</span> 
     </span>
     <span class='ocr_line' id='line_1_25' title="bbox 83 1489 1397 1545; baseline -0.005 -11"><span class='ocrx_word' id='word_1_185' title='bbox 83 1497 187 1545; x_wconf 86' lang='lat' dir='ltr'>illo,</span> <span class='ocrx_word' id='word_1_186' title='bbox 223 1502 298 1535; x_wconf 88' lang='lat' dir='ltr'>aut</span> <span class='ocrx_word' id='word_1_187' title='bbox 329 1501 451 1534; x_wconf 87' lang='lat' dir='ltr'>certe</span> <span class='ocrx_word' id='word_1_188' title='bbox 480 1494 533 1533; x_wconf 89' lang='lat' dir='ltr'>de</span> <span class='ocrx_word' id='word_1_189' title='bbox 560 1494 657 1534; x_wconf 89' lang='lat' dir='ltr'>illo.</span> <span class='ocrx_word' id='word_1_190' title='bbox 721 1493 917 1533; x_wconf 86' lang='lat' dir='ltr'>Proinde</span> <span class='ocrx_word' id='word_1_191' title='bbox 944 1492 1048 1544; x_wconf 84' lang='lat' dir='ltr'>quia</span> <span class='ocrx_word' id='word_1_192' title='bbox 1082 1503 1207 1530; x_wconf 86' lang='lat' dir='ltr'>suam</span> <span class='ocrx_word' id='word_1_193' title='bbox 1237 1489 1397 1528; x_wconf 83' lang='lat' dir='ltr'>maluit</span> 
     </span>
     <span class='ocr_line' id='line_1_26' title="bbox 85 1544 1398 1603; baseline -0.006 -12"><span class='ocrx_word' id='word_1_194' title='bbox 85 1551 253 1598; x_wconf 86' lang='lat' dir='ltr'>facere,</span> <span class='ocrx_word' id='word_1_195' title='bbox 281 1563 410 1603; x_wconf 88' lang='lat' dir='ltr'>quam</span> <span class='ocrx_word' id='word_1_196' title='bbox 432 1550 534 1598; x_wconf 91' lang='lat' dir='ltr'>Dei,</span> <span class='ocrx_word' id='word_1_197' title='bbox 563 1549 616 1589; x_wconf 87' lang='lat' dir='ltr'>de</span> <span class='ocrx_word' id='word_1_198' title='bbox 638 1548 715 1588; x_wconf 89' lang='lat' dir='ltr'>illo</span> <span class='ocrx_word' id='word_1_199' title='bbox 735 1547 860 1588; x_wconf 83' lang='lat' dir='ltr'>facta</span> <span class='ocrx_word' id='word_1_200' title='bbox 874 1552 943 1588; x_wconf 88' lang='lat' dir='ltr'>est</span> <span class='ocrx_word' id='word_1_201' title='bbox 962 1547 1168 1586; x_wconf 78' lang='lat' dir='ltr'>voluntas</span> <span class='ocrx_word' id='word_1_202' title='bbox 1186 1544 1288 1593; x_wconf 85' lang='lat' dir='ltr'>Dei,</span> <span class='ocrx_word' id='word_1_203' title='bbox 1320 1544 1398 1597; x_wconf 87' lang='lat' dir='ltr'>qui</span> 
     </span>
     <span class='ocr_line' id='line_1_27' title="bbox 87 1600 1395 1657; baseline -0.007 -10"><span class='ocrx_word' id='word_1_204' title='bbox 87 1619 141 1647; x_wconf 84' lang='lat' dir='ltr'>ex</span> <span class='ocrx_word' id='word_1_205' title='bbox 169 1607 326 1646; x_wconf 85' lang='lat' dir='ltr'>eadem</span> <span class='ocrx_word' id='word_1_206' title='bbox 348 1618 499 1645; x_wconf 86' lang='lat' dir='ltr'>massa</span> <span class='ocrx_word' id='word_1_207' title='bbox 530 1604 820 1657; x_wconf 79' lang='lat' dir='ltr'>perditionis,</span> <span class='ocrx_word' id='word_1_208' title='bbox 859 1615 971 1657; x_wconf 80' lang='lat' dir='ltr'>quae</span> <span class='ocrx_word' id='word_1_209' title='bbox 1007 1603 1061 1642; x_wconf 84' lang='lat' dir='ltr'>de</span> <span class='ocrx_word' id='word_1_210' title='bbox 1097 1601 1220 1641; x_wconf 85' lang='lat' dir='ltr'>illius</span> <span class='ocrx_word' id='word_1_211' title='bbox 1255 1600 1395 1652; x_wconf 84' lang='lat' dir='ltr'>stirpe</span> 
     </span>
     <span class='ocr_line' id='line_1_28' title="bbox 86 1657 1396 1715; baseline -0.006 -13"><span class='ocrx_word' id='word_1_212' title='bbox 86 1661 313 1715; x_wconf 72' lang='lat' dir='ltr'>profluxit,</span> <span class='ocrx_word' id='word_1_213' title='bbox 342 1660 593 1701; x_wconf 84' lang='lat' dir='ltr'>facitaliud</span> <span class='ocrx_word' id='word_1_214' title='bbox 614 1674 689 1699; x_wconf 77' lang='lat' dir='ltr'>vas</span> <span class='ocrx_word' id='word_1_215' title='bbox 710 1658 1005 1707; x_wconf 84' lang='lat' dir='ltr'>inhonorem,</span> <span class='ocrx_word' id='word_1_216' title='bbox 1034 1657 1156 1697; x_wconf 83' lang='lat' dir='ltr'>aliud</span> <span class='ocrx_word' id='word_1_217' title='bbox 1176 1657 1220 1696; x_wconf 93' lang='lat' dir='ltr'>in</span> <span class='ocrx_word' id='word_1_218' title='bbox 1241 1664 1396 1695; x_wconf 82' lang='lat' dir='ltr'>contu-</span> 
     </span>
     <span class='ocr_line' id='line_1_29' title="bbox 87 1713 1395 1768; baseline -0.006 -10"><span class='ocrx_word' id='word_1_219' title='bbox 87 1719 286 1758; x_wconf 71' lang='lat' dir='ltr'>melianu-r</span> <span class='ocrx_word' id='word_1_220' title='bbox 316 1718 358 1756; x_wconf 89' lang='lat' dir='ltr'>in</span> <span class='ocrx_word' id='word_1_221' title='bbox 379 1716 595 1756; x_wconf 84' lang='lat' dir='ltr'>honorem</span> <span class='ocrx_word' id='word_1_222' title='bbox 615 1728 693 1768; x_wconf 86' lang='lat' dir='ltr'>per</span> <span class='ocrx_word' id='word_1_223' title='bbox 710 1715 1083 1762; x_wconf 80' lang='lat' dir='ltr'>miscricordiam,</span> <span class='ocrx_word' id='word_1_224' title='bbox 1104 1713 1145 1752; x_wconf 87' lang='lat' dir='ltr'>in</span> <span class='ocrx_word' id='word_1_225' title='bbox 1167 1719 1395 1752; x_wconf 79' lang='lat' dir='ltr'>contume-</span> 
     </span>
     <span class='ocr_line' id='line_1_30' title="bbox 86 1766 1396 1826; baseline -0.006 -13"><span class='ocrx_word' id='word_1_226' title='bbox 86 1774 188 1814; x_wconf 86' lang='lat' dir='ltr'>liam</span> <span class='ocrx_word' id='word_1_227' title='bbox 216 1786 294 1826; x_wconf 85' lang='lat' dir='ltr'>per</span> <span class='ocrx_word' id='word_1_228' title='bbox 317 1772 616 1823; x_wconf 52' lang='lat' dir='ltr'>iudiciunst),</span> <span class='ocrx_word' id='word_1_229' title='bbox 646 1777 695 1811; x_wconf 88' lang='lat' dir='ltr'>ut</span> <span class='ocrx_word' id='word_1_230' title='bbox 720 1784 850 1811; x_wconf 84' lang='lat' dir='ltr'>nenio</span> <span class='ocrx_word' id='word_1_231' title='bbox 880 1770 1104 1824; x_wconf 82' lang='lat' dir='ltr'>glorietur</span> <span class='ocrx_word' id='word_1_232' title='bbox 1127 1769 1171 1808; x_wconf 91' lang='lat' dir='ltr'>in</span> <span class='ocrx_word' id='word_1_233' title='bbox 1190 1766 1396 1816; x_wconf 72' lang='lat' dir='ltr'>homine,</span> 
     </span>
     <span class='ocr_line' id='line_1_31' title="bbox 87 1828 585 1881; baseline -0.004 -12"><span class='ocrx_word' id='word_1_234' title='bbox 87 1843 137 1869; x_wconf 82' lang='lat' dir='ltr'>ac</span> <span class='ocrx_word' id='word_1_235' title='bbox 158 1843 236 1881; x_wconf 82' lang='lat' dir='ltr'>per</span> <span class='ocrx_word' id='word_1_236' title='bbox 255 1829 338 1867; x_wconf 84' lang='lat' dir='ltr'>hoc</span> <span class='ocrx_word' id='word_1_237' title='bbox 359 1841 441 1867; x_wconf 82' lang='lat' dir='ltr'>nec</span> <span class='ocrx_word' id='word_1_238' title='bbox 461 1828 503 1867; x_wconf 87' lang='lat' dir='ltr'>in</span> <span class='ocrx_word' id='word_1_239' title='bbox 523 1840 585 1867; x_wconf 84' lang='lat' dir='ltr'>se.</span> 
     </span>
    </p>

    <p class='ocr_par' dir='ltr' id='par_1_4' title="bbox 84 1881 1397 2101">
     <span class='ocr_line' id='line_1_32' title="bbox 143 1881 1395 1935; baseline -0.006 -12"><span class='ocrx_word' id='word_1_240' title='bbox 143 1886 188 1924; x_wconf 85' lang='lat' dir='ltr'>C.</span> <span class='ocrx_word' id='word_1_241' title='bbox 206 1884 355 1924; x_wconf 73' lang='lat' dir='ltr'>CVlll.</span> <span class='ocrx_word' id='word_1_242' title='bbox 392 1882 502 1923; x_wconf 73' lang='lat' dir='ltr'>Nam</span> <span class='ocrx_word' id='word_1_243' title='bbox 525 1895 668 1935; x_wconf 72' lang='lat' dir='ltr'>neque</span> <span class='ocrx_word' id='word_1_244' title='bbox 686 1894 766 1934; x_wconf 82' lang='lat' dir='ltr'>per</span> <span class='ocrx_word' id='word_1_245' title='bbox 786 1882 928 1934; x_wconf 82' lang='lat' dir='ltr'>ipsu-m</span> <span class='ocrx_word' id='word_1_246' title='bbox 947 1881 1245 1920; x_wconf 78' lang='lat' dir='ltr'>liberaremur</span> <span class='ocrx_word' id='word_1_247' title='bbox 1265 1891 1395 1917; x_wconf 82' lang='lat' dir='ltr'>unum</span> 
     </span>
     <span class='ocr_line' id='line_1_33' title="bbox 87 1934 1396 1986; baseline -0.005 -7"><span class='ocrx_word' id='word_1_248' title='bbox 87 1940 381 1980; x_wconf 83' lang='lat' dir='ltr'>mediatorem</span> <span class='ocrx_word' id='word_1_249' title='bbox 415 1938 501 1978; x_wconf 87' lang='lat' dir='ltr'>Dei</span> <span class='ocrx_word' id='word_1_250' title='bbox 535 1946 579 1978; x_wconf 88' lang='lat' dir='ltr'>et</span> <span class='ocrx_word' id='word_1_251' title='bbox 613 1937 861 1986; x_wconf 80' lang='lat' dir='ltr'>hominum,</span> <span class='ocrx_word' id='word_1_252' title='bbox 908 1935 1134 1976; x_wconf 84' lang='lat' dir='ltr'>hominem</span> <span class='ocrx_word' id='word_1_253' title='bbox 1170 1934 1396 1973; x_wconf 68' lang='lat' dir='ltr'>flu-istum</span> 
     </span>
     <span class='ocr_line' id='line_1_34' title="bbox 84 1989 1396 2046; baseline -0.005 -12"><span class='ocrx_word' id='word_1_254' title='bbox 84 1995 246 2044; x_wconf 85' lang='lat' dir='ltr'>lesuin,</span> <span class='ocrx_word' id='word_1_255' title='bbox 272 1995 353 2034; x_wconf 87' lang='lat' dir='ltr'>nisi</span> <span class='ocrx_word' id='word_1_256' title='bbox 373 1999 495 2034; x_wconf 84' lang='lat' dir='ltr'>esset</span> <span class='ocrx_word' id='word_1_257' title='bbox 514 1994 707 2033; x_wconf 78' lang='lat' dir='ltr'>etDeus.</span> <span class='ocrx_word' id='word_1_258' title='bbox 738 1993 826 2034; x_wconf 78' lang='lat' dir='ltr'>Sed</span> <span class='ocrx_word' id='word_1_259' title='bbox 847 2006 978 2046; x_wconf 86' lang='lat' dir='ltr'>quum</span> <span class='ocrx_word' id='word_1_260' title='bbox 998 1991 1145 2031; x_wconf 82' lang='lat' dir='ltr'>factus</span> <span class='ocrx_word' id='word_1_261' title='bbox 1165 1989 1396 2038; x_wconf 49' lang='lat' dir='ltr'>esttdani,</span> 
     </span>
     <span class='ocr_line' id='line_1_35' title="bbox 88 2046 1397 2101; baseline -0.005 -11"><span class='ocrx_word' id='word_1_262' title='bbox 88 2049 222 2091; x_wconf 87' lang='lat' dir='ltr'>homo</span> <span class='ocrx_word' id='word_1_263' title='bbox 240 2052 417 2091; x_wconf 86' lang='lat' dir='ltr'>seilicet</span> <span class='ocrx_word' id='word_1_264' title='bbox 432 2055 596 2097; x_wconf 87' lang='lat' dir='ltr'>rectus,</span> <span class='ocrx_word' id='word_1_265' title='bbox 614 2049 862 2089; x_wconf 83' lang='lat' dir='ltr'>mediatore</span> <span class='ocrx_word' id='word_1_266' title='bbox 880 2060 966 2088; x_wconf 90' lang='lat' dir='ltr'>non</span> <span class='ocrx_word' id='word_1_267' title='bbox 985 2060 1095 2101; x_wconf 91' lang='lat' dir='ltr'>opus</span> <span class='ocrx_word' id='word_1_268' title='bbox 1112 2053 1221 2086; x_wconf 82' lang='lat' dir='ltr'>erat.</span> <span class='ocrx_word' id='word_1_269' title='bbox 1252 2046 1397 2092; x_wconf 75' lang='lat' dir='ltr'>Quum</span> 
     </span>
    </p>
   </div>
   <div class='ocr_carea' id='block_1_3' title="bbox 91 2178 1396 2273">
    <p class='ocr_par' dir='ltr' id='par_1_5' title="bbox 91 2178 1396 2273">
     <span class='ocr_line' id='line_1_36' title="bbox 141 2178 1396 2224; baseline -0.006 -7"><span class='ocrx_word' id='word_1_270' title='bbox 141 2186 171 2221; x_wconf 72' lang='grc' dir='ltr'>Ι)</span> <span class='ocrx_word' id='word_1_271' title='bbox 194 2179 665 2220; x_wconf 55' lang='lat' dir='ltr'>l’i·‹1x·.8,:15.soc.12XK.</span> <span class='ocrx_word' id='word_1_272' title='bbox 708 2180 745 2224; x_wconf 86' lang='lat'>2)</span> <span class='ocrx_word' id='word_1_273' title='bbox 765 2180 868 2213; x_wconf 82' lang='lat' dir='ltr'>Rom.</span> <span class='ocrx_word' id='word_1_274' title='bbox 890 2182 922 2218; x_wconf 79' lang='lat'>0,</span> <span class='ocrx_word' id='word_1_275' title='bbox 940 2181 993 2212; x_wconf 73' lang='lat'>28.</span> <span class='ocrx_word' id='word_1_276' title='bbox 1037 2178 1073 2220; x_wconf 82' lang='lat'>3)</span> <span class='ocrx_word' id='word_1_277' title='bbox 1093 2178 1149 2212; x_wconf 81' lang='lat' dir='ltr'>Cf.</span> <span class='ocrx_word' id='word_1_278' title='bbox 1167 2178 1269 2211; x_wconf 85' lang='lat' dir='ltr'>Rom.</span> <span class='ocrx_word' id='word_1_279' title='bbox 1294 2182 1343 2210; x_wconf 83' lang='grc' dir='ltr'>ΙΙ.</span> <span class='ocrx_word' id='word_1_280' title='bbox 1364 2179 1396 2209; x_wconf 75' lang='grc'>6.</span> 
     </span>
     <span class='ocr_line' id='line_1_37' title="bbox 91 2231 523 2273; baseline -0.009 -9"><span class='ocrx_word' id='word_1_281' title='bbox 91 2231 128 2273; x_wconf 77' lang='lat'>4)</span> <span class='ocrx_word' id='word_1_282' title='bbox 155 2231 453 2267; x_wconf 68' lang='lat' dir='ltr'>(,·s.!&lt;1.‚:11.9‚·.‘1.</span> <span class='ocrx_word' id='word_1_283' title='bbox 475 2241 523 2261; x_wconf 70' lang='lat' dir='ltr'>ss.</span> 
     </span>
    </p>
   </div>
   <div class='ocr_carea' id='block_1_4' title="bbox 1047 2277 1127 2324">
    <p class='ocr_par' dir='ltr' id='par_1_6' title="bbox 1047 2277 1127 2324">
     <span class='ocr_line' id='line_1_38' title="bbox 1047 2277 1127 2324; baseline -0.075 0"><span class='ocrx_word' id='word_1_284' title='bbox 1047 2277 1127 2324; x_wconf 60' lang='grc' dir='ltr'>(Μ</span> 
     </span>
    </p>
   </div>
  </div>
 </body>
</html>
