1503 2465
226 136 305 174 DE
338 134 643 175 Doe'ffllNA
680 133 915 175 CHRIST.
976 134 1091 175 Llss.
1124 136 1177 175 11.
1308 136 1357 175 (55

43 223 168 269 Quae
189 232 266 273 per
284 232 331 259 se
351 220 489 272 ipsam
512 220 731 270 cognitim
745 231 1013 272 quamquam
1034 221 1357 273 superstitione

41 291 130 316 non
157 276 348 328 affliget,
386 290 472 314 non
498 276 686 314 multum
701 280 853 315 tamen
875 287 926 314 ac
946 288 1085 328 prope
1105 274 1214 315 nihil
1237 275 1359 314 adiu-

41 339 117 371 x‘at
141 332 458 371 tractationem
484 331 734 370 divinarum
759 331 1107 384 scripturarum,
1143 337 1187 370 et
1220 330 1359 370 infru-

44 393 204 427 ctuosa
220 388 472 427 intentione
493 387 592 439 plus
610 386 820 438 impedit3
848 392 891 426 et
912 388 1016 440 quia
1033 386 1270 426 familiaris
1291 394 1361 426 est

42 443 433 496 perniciosissimo
459 443 602 482 errori
636 441 764 482 fatua
789 441 887 482 fata
912 443 1207 491 cantantium,
1244 455 1362 481 com-

42 499 220 539 modius
255 497 581 550 honestiusque
623 499 942 538 contemnitur.
1021 498 1172 537 llabet
1213 504 1361 537 autem

43 554 664 608 praeterdemonstrationem
683 555 988 607 praesentium
1010 555 1143 593 etiam
1163 560 1345 607 praeter

42 612 209 650 itorum
235 610 485 650 narrationi
515 610 661 649 simile
692 610 885 663 aliquid,
930 610 1049 662 quod
1079 623 1103 649 a
1130 610 1358 662 praesenti

44 667 273 720 positione
309 673 525 718 motuque
559 666 757 706 siderum
793 672 838 705 et
861 667 903 705 in
932 666 1179 718 praeterita
1205 677 1361 704 eorum

44 722 240 776 vestigia
257 722 529 775 regulariter
546 721 655 762 licet
672 734 922 761 recurrere.
969 722 1119 761 llabet
1140 720 1361 760 0111111ιῆ1-

45 786 250 819 turorum
284 778 520 831 regulares
547 778 853 827 coniecturas,
891 791 982 817 non
1009 777 1287 830 suspiciosas
1317 782 1362 815 et

48 835 298 883 ominosas,
330 833 410 873 sed
438 839 559 873 ratas
585 839 630 874 et
648 839 818 882 certas,
853 845 942 872 non
963 838 1011 872 ut
1029 845 1084 872 ex
1105 835 1170 873 eis
1190 832 1361 885 aliquid

45 889 224 930 trahere
247 891 287 929 in
312 896 465 929 nostra
483 888 604 929 facta
620 890 654 936 ¹)
678 896 722 929 et
741 894 901 929 eventa
921 894 1147 928 tentemus
1163 919 1173 938 ,
1210 888 1363 941 qualia

46 945 436 999 genethliacorum
464 945 762 985 deliramenta
794 951 918 992 sunt,
955 946 1035 985 sed
1063 950 1276 997 quantum
1305 944 1362 983 ad

44 1003 143 1056 ipsa
170 1003 367 1055 pertinet
391 1000 554 1041 sidera.
616 1000 727 1041 Nam
754 1001 871 1040 sicut
894 1001 932 1040 is
955 1001 1027 1054 qui
1047 1005 1278 1053 computat
1297 999 1361 1039 lu-

46 1071 162 1107 nam,
182 1071 314 1111 quum
333 1056 468 1097 hodie
488 1056 737 1109 inspexerit
758 1061 896 1110 quota
916 1057 987 1104 sit,
1012 1062 1056 1096 et
1075 1062 1178 1096 ante
1199 1056 1361 1109 quotli-

44 1114 123 1153 bet
143 1127 282 1154 annos
302 1118 441 1166 quota
458 1112 610 1161 fuerit,
632 1120 675 1153 et
694 1119 797 1165 post
815 1113 1043 1166 quotlibet
1061 1125 1202 1152 annos
1223 1118 1363 1165 quota

45 1170 198 1210 futura
218 1171 289 1217 sit,
310 1175 460 1232 potest
480 1169 655 1218 111001·ος
676 1170 741 1208 510
762 1169 815 1208 de
835 1182 923 1208 uno
948 1181 1126 1222 quoque
1147 1169 1360 1217 siderum,

48 1227 123 1278 qui
154 1238 207 1265 ea
235 1226 378 1278 perite
398 1232 603 1277 computa
611 1230 679 1274 nt,
706 1225 984 1278 respondere
1012 1231 1359 1264 e‹›nsuev·e1unt.

46 1282 115 1321 De
137 1295 223 1335 qua
242 1287 337 1321 tota
357 1293 439 1333 cog.³
429 1281 639 1329 uitione,
671 1288 883 1334 quantum
901 1281 958 1320 ad
981 1293 1106 1320 usum
1127 1282 1223 1321 eius
1251 1280 1362 1320 adti

46 1344 138 1387 net,
168 1337 273 1390 quid
292 1335 402 1376 mihi
420 1337 546 1376 wider
552 1343 650 1376 etur
668 1337 838 1390 aperui.

103 1394 149 1433 C
170 1393 314 1433 XXX.
359 1392 530 1432 Artium
552 1399 699 1432 autem
720 1398 842 1432 ceter
847 1404 895 1431 ar
901 1405 988 1440 11111,
1009 1391 1170 1445 quibus
1190 1392 1362 1445 aliquid

46 1450 314 1497 fabricatur,
343 1448 413 1489 vel
439 1449 558 1500 quod
587 1454 817 1488 remaneat
841 1454 945 1501 post
964 1448 1275 1501 operationem
1294 1460 1361 1487 ar-

45 1507 181 1546 tificis
210 1505 264 1545 ab
288 1505 369 1544 illo
397 1504 483 1544 effe·
491 1512 631 1551 ctum,
669 1505 786 1544 sicut
811 1505 973 1545 domus
1000 1510 1045 1544 et
1069 1516 1297 1543 scamnum
1318 1510 1363 1544 et

46 1575 123 1601 1115
144 1561 328 1615 aliquod
347 1566 481 1613 atque
501 1560 589 1600 111111
618 1535 954 1609 huiuscemodi,
990 1559 1061 1600 vel
1091 1572 1206 1613 quae
1232 1561 1360 1600 mini-

47 1619 233 1657 sterium
260 1616 485 1671 quoddam
514 1614 727 1656 exhibent
748 1589 954 1670 operanti
977 1615 1096 1665 Deo,
1131 1617 1248 1657 sicut
1272 1628 1361 1654 me-

47 1674 197 1713 dicina
215 1680 259 1713 et
278 1672 557 1726 agricultura
571 1678 613 1711 et
626 1672 768 1724 guber
773 1673 910 1720 natio,
929 1686 952 1710 1
960 1672 998 1711 01
1012 1684 1197 1725 quarum
1217 1674 1361 1711 omnis

48 1728 238 1769 enectus
264 1735 333 1768 est
355 1729 496 1775 actio,
527 1728 644 1767 sieut
663 1728 955 1768 saltationum
976 1734 1020 1767 et
1038 1729 1296 1768 cursionum
1319 1735 1362 1766 et

47 1785 152 1824 111οὶ’
145 1785 358 1824 1111111111111;
393 1783 545 1823 harum
567 1796 629 1821 0·(1
620 1796 677 1836 go
699 1789 959 1823 cunctarum
980 1784 1142 1824 artium
1163 1783 1216 1823 de
1236 1796 1302 1837 pr(
1291 1796 1362 1822 ae-

45 1841 194 1880 teritis
215 1842 521 1894 experimenta
539 1839 710 1878 faciunt
725 1840 859 1879 etiam
877 1839 1220 1880 futuiaconiici.
1244 1838 1361 1879 Nam

46 1897 195 1937 nullus
215 1909 365 1936 earum
380 1894 545 1935 artifex
563 1895 732 1935 membr
737 1908 761 1935 a
778 1908 881 1936 11101
888 1902 933 1935 et
950 1897 995 1936 in
1009 1895 1255 1948 operando,
1276 1896 1343 1934 nis
1350 1898 1362 1935 i

46 1954 397 2004 praeteritorum
423 1952 685 1991 memoriam
713 1965 811 1992 cum
841 1951 1098 1992 futurorum
1131 1958 1362 2004 exspecta-

47 2010 172 2048 tione
200 2012 427 2049 contexat.
486 2007 658 2047 Harum
683 2014 833 2047 autem
859 2008 1064 2060 cognitio
1092 2008 1290 2047 tenuiter
1316 2008 1360 2046 in

47 2065 148 2116 ipsa
173 2063 366 2104 humana
384 2065 477 2103 vita
503 2063 757 2116 cursimque
784 2063 1044 2117 usurpanda
1068 2068 1157 2113 est,
1191 2075 1279 2102 non
1306 2062 1361 2101 ad

104 2194 304 2232 1)...]11111.,
332 2195 427 2230 Am,
454 2195 515 2228 Er.
543 2200 578 2228 et
600 2196 684 2229 Mss.
711 2199 729 2230 6
751 2198 875 2234 (etiam
899 2196 1001 2239 Lips.
1021 2195 1080 2237 3):
1104 2194 1244 2240 fam.“
1275 2196 1359 2228 Ben.

50 2242 260 2284 quibuscum
283 2242 367 2273 facit
392 2240 471 2274 (fal.

105 2296 310 2335 Arots'r.
331 2295 511 2336 noem.
534 2296 732 2336 Cunis'r.
1055 2288 1093 2329 Ε
