1503 2465
79 84 110 112 x
520 70 910 112 PRAEFATIO.

79 160 278 202 storiam
303 160 572 220 dogmatum
593 156 972 204 Christianorum
997 164 1274 206 accuratius
1300 164 1368 208 ‹li-

79 241 210 270 scere
236 228 447 288 cupiunt,
472 225 594 285 Lips.
626 227 789 284 1812,
826 229 874 271 in
901 230 1030 273 cuius
1056 238 1181 275 tomo
1206 229 1262 273 ll.
1290 246 1367 274 en-

80 294 307 338 chiridion
343 302 510 338 exstat.
535 294 700 338 Editor
735 305 925 340 secutus
962 306 1032 342 est
1053 298 1246 361 August.
1271 315 1368 358 opp.

79 362 188 406 edit.
213 362 431 425 Lugduni
454 362 615 406 Batav.
641 378 681 406 a.
711 364 851 408 1664.
879 365 933 420 (t.
961 363 1041 410 ΠΙ.
1067 382 1108 426 p.
1137 367 1213 411 55.
1231 369 1369 426 sqq),

80 440 127 474 ct
159 446 297 490 quam
337 432 532 474 seorsim
572 430 718 475 edidit
750 430 840 478 Ad.
866 432 1189 498 Reeleenberg.
1248 435 1369 494 Lips.

81 499 222 544 1705.
266 498 312 543 4.
382 499 534 543 Multa
573 508 643 543 est
686 501 903 544 lectionis
949 501 1193 547 diversitas
1235 503 1369 547 huius

78 569 318 626 opusculi,
363 575 409 611 et
432 582 628 628 magnus
661 569 990 630 glossematum
1028 587 1278 625 numerus,
1321 579 1372 615 ut

78 637 249 679 nullius
275 636 371 679 fore
395 636 649 696 Augustini
676 652 877 696 operum.
926 637 1243 684 Bibliothecae
1266 641 1370 683 uni-

75 706 313 748 versitatis
340 704 600 762 Lipsiensis
634 705 818 749 codices
841 706 949 750 Mss.
986 710 1191 768 quinque
1225 710 1273 752 in
1299 709 1369 751 lo-

77 773 143 815 cis
183 774 475 834 gravissimis
510 774 725 817 omnibus
763 776 973 834 inspexi:
1021 792 1059 820 a.
1094 793 1219 821 num.
1255 776 1367 823 259.

76 842 209 884 catal.
231 840 538 885 membranac.
562 849 607 885 et
630 842 738 898 fol.,
771 845 820 886 in
846 858 933 902 quo
959 846 1109 904 operis
1142 861 1248 905 pars
1271 861 1369 888 me-

77 908 152 952 dia
183 910 332 966 deest3
370 910 411 954 b.
442 926 569 954 num.
603 910 715 955 266.
762 913 1110 974 elegantissime
1148 915 1369 973 scriptus,

76 977 383 1021 membranae.
418 986 464 1022 et
496 979 598 1032 fol.;
638 995 674 1023 c.
707 994 832 1024 num.
867 982 1004 1037 272„
1043 981 1082 1024 d.
1107 997 1232 1026 num.
1257 982 1368 1025 321.

77 1054 124 1089 et
162 1062 197 1089 e.
232 1062 359 1090 num.
387 1047 497 1091 396.
530 1046 763 1091 chartacei
799 1049 907 1105 fot,
946 1064 1140 1108 quorum
1169 1052 1289 1095 alter
1325 1058 1370 1094 et

75 1116 242 1159 tertius
269 1115 332 1171 (b.
349 1124 395 1158 et
409 1117 469 1173 c.)
495 1124 604 1160 sunt
627 1117 806 1176 optimi,
831 1116 985 1162 ubivis
1011 1134 1114 1163 cum
1139 1119 1368 1178 antiquis-

76 1185 205 1227 simis
230 1182 468 1228 Benedict.
492 1184 600 1228 Mss.
626 1187 975 1241 convenientes,
1014 1196 1250 1231 extremus
1277 1188 1368 1244 (e.)

73 1251 187 1295 facit
212 1268 311 1296 cum
338 1251 446 1296 edit.
472 1251 643 1297 Lovan.
667 1260 713 1296 et
735 1252 948 1316 Lugdun.

141 1320 268 1364 Nihil
298 1328 473 1378 restat,
511 1323 604 1366 nisi
637 1330 689 1366 ut
723 1324 889 1366 summi
911 1324 1139 1369 ecclesiae
1164 1324 1368 1369 doctoris

73 1389 183 1432 libri
227 1391 435 1434 omnium
481 1390 868 1435 commendentur
912 1391 1076 1435 studiis
1094 1425 1107 1448 ,
1154 1394 1233 1451 qui
1280 1394 1368 1437 ali-

75 1458 256 1516 quando
289 1473 484 1502 munere
524 1460 841 1503 ecclesiastico
876 1459 1147 1522 fungentur.
1227 1460 1368 1506 Prae-

73 1528 196 1569 clare
233 1528 357 1570 enim
388 1529 438 1570 in
463 1528 529 1570 eis
554 1529 746 1586 exponit
770 1528 1144 1588 Hipponensium
1167 1533 1368 1588 praesul,

74 1609 166 1652 qua
201 1597 345 1638 animi
381 1596 652 1640 sinceritate
676 1595 946 1658 theologum
981 1597 1204 1642 accedere
1237 1614 1366 1658 opor-

72 1670 170 1706 teat
193 1663 249 1706 ad
273 1666 527 1722 scripturae
545 1679 704 1708 sacrae
723 1666 865 1709 libros
884 1666 1201 1724 explicandos,
1229 1682 1369 1726 quam

73 1730 323 1792 diiigenter
354 1733 617 1793 linguarum
653 1735 818 1777 literae
842 1732 896 1777 ab
921 1735 1198 1793 antiquitate
1221 1734 1368 1779 tradi-

71 1809 146 1842 tae
172 1815 424 1859 omnesque
450 1801 597 1844 bonae
621 1811 745 1845 artes
766 1803 831 1847 ad
863 1816 996 1845 usum
1029 1804 1200 1848 iustum
1215 1819 1367 1865 prae-

72 1868 267 1914 dicandi
311 1869 550 1931 evangelii
583 1870 920 1924 conferendae,
967 1885 1056 1929 quo
1104 1887 1240 1916 sensu
1289 1873 1366 1930 pio

70 1938 218 1980 oratio
245 1951 376 1980 sacra
399 1938 659 1993 tractanda,
684 1948 735 1982 ¹ut
757 1940 950 1997 populus
975 1939 1126 1997 capita
1151 1940 1259 1984 fidei
1286 1939 1365 1983 do-

71 2013 233 2049 ceatur
259 2014 305 2049 et
328 2004 386 2049 ad
408 2021 563 2051 veram
586 2005 676 2050 Dei
698 2008 991 2066 proximique
1016 2009 1253 2053 caritatem
1282 2022 1364 2052 ex-

70 2074 265 2130 citetur,
300 2088 388 2134 qua
412 2072 610 2135 denique
633 2075 794 2119 doctor
830 2076 1053 2119 ecclesiae
1086 2078 1212 2122 vitae
1243 2078 1365 2121 inte-

70 2145 242 2204 gritate
268 2151 460 2188 ornatus
487 2159 589 2188 esse
609 2143 787 2201 debeat,
813 2159 870 2187 ne
895 2145 999 2188 aliis
1024 2143 1079 2188 de
1103 2149 1206 2193 loco
1232 2162 1363 2193 sacro
