1503 2465
116 124 163 152 1v
568 109 962 149 PRAEFATEO.

113 199 336 243 ecclesiae
365 204 549 257 patrum
584 212 610 240 a
643 197 760 241 viris
793 195 939 240 doctis
982 211 1127 256 usque
1177 212 1411 241 commen-

113 267 219 311 data
244 267 380 310 multi
403 265 663 309 redierunt.
717 263 929 309 Instituti
954 262 1290 309 Tauehnitiani
1318 281 1413 309 non

113 345 198 391 est,
225 335 453 379 editiones
480 335 760 392 scriptorum
779 335 1080 392 antiquorum
1102 343 1148 378 et
1169 349 1413 378 sacrorum

113 414 159 448 et
173 404 477 463 profanorum
494 403 681 446 criticas
700 403 930 457 emittere,
953 401 1033 445 sed
1047 417 1205 446 eorum
1231 410 1413 447 textum

112 473 169 517 ad
198 472 337 516 fidem
368 474 649 530 optimorum
677 471 901 514 librorum
925 470 1217 515 emendatum
1246 470 1413 514 editio-

111 541 246 585 nibus
280 548 327 584 et
358 541 489 599 parvi
528 539 781 584 voluminis
815 546 861 582 et
902 538 1076 583 modici
1108 540 1250 598 pretii
1282 538 1412 582 exhi-

110 610 247 666 bere,
289 610 354 652 ita
379 616 430 652 ut
454 607 511 652 ad
535 616 744 652 veterum
770 622 910 666 opera
933 622 1069 666 quam
1093 608 1283 666 plurimi
1306 623 1412 667 pos-

112 681 208 723 sint
231 676 472 721 accedere.
543 675 764 719 Eamdem
792 677 1022 720 rationem
1053 677 1102 719 in
1127 675 1318 720 edendis
1340 674 1411 719 his

110 747 367 804 Augustini
390 745 519 789 libris
547 746 695 788 secuti
722 758 896 787 sumus.

178 814 286 858 Duo
313 815 500 859 saecula
525 821 569 857 et
591 812 713 872 quod
738 811 922 856 excedit
942 813 1260 872 praeterlapsa
1286 821 1411 869 sunt,

113 899 172 928 ex
196 898 286 943 quo
314 882 548 942 Georgius
568 879 795 935 Calixtus‚
823 882 1047 925 eeclesiae
1071 890 1262 926 nostrae
1286 897 1411 925 sace.

110 950 262 997 XVH.
287 950 530 1011 theologus
556 951 862 1004 clarissimus9
894 952 1070 1007 primus
1096 952 1221 994 inter
1243 950 1411 993 Prote-

113 1030 290 1066 stantes
320 1020 575 1081 Augustini
617 1019 672 1061 de
706 1018 920 1062 doctrina
957 1017 1223 1063 Christiana
1268 1021 1412 1064 libros

113 1098 331 1151 quatuor,
364 1090 442 1148 qui
468 1103 517 1131 sc
541 1086 867 1132 commendant
891 1087 1123 1148 singulari
1148 1088 1415 1150 argumenti

112 1159 427 1218 praestantia,
474 1158 598 1201 inter
631 1163 928 1214 tempestates
962 1155 1074 1199 belli
1106 1157 1415 1201 turbulentis-

115 1228 222 1272 simi
271 1229 321 1270 in
369 1223 690 1287 typographeo
737 1239 819 1267 suo
868 1223 1168 1268 excudendos
1214 1226 1414 1280 curavit,

115 1311 254 1355 quam
287 1295 539 1339 editionem
585 1293 814 1352 superiori
847 1293 1034 1336 saeculo
1067 1293 1185 1337 duae
1226 1301 1415 1338 secutae

115 1373 226 1409 sunt
260 1363 445 1424 Lipsiae
477 1364 615 1407 1769.
654 1370 847 1406 curante
869 1359 1071 1423 Teegio‚
1107 1370 1154 1405 et
1178 1362 1415 1422 Augustae

115 1433 469 1477 Vindelicorum
497 1432 635 1476 1784.
708 1430 961 1474 Excellunt
985 1429 1032 1473 hi
1056 1430 1165 1474 libri
1190 1432 1313 1475 inter
1340 1446 1415 1474 ee-

113 1512 262 1560 teros3
287 1518 394 1546 nam
421 1501 794 1560 complectuntur
818 1499 1212 1544 introductionem
1237 1501 1284 1543 in
1307 1500 1416 1542 uni-

112 1587 302 1617 versum
346 1569 615 1631 theologiae
662 1568 896 1623 studium,
947 1569 1149 1611 maxime
1194 1583 1306 1612 vero
1359 1566 1417 1611 ad

115 1641 376 1700 scripturae
417 1653 575 1682 sacrae
611 1638 971 1696 explicationem
1010 1638 1134 1680 viam
1181 1638 1414 1680 muniunt.

115 1708 337 1754 Ostendit
368 1721 534 1765 nempe
565 1707 613 1749 in
648 1707 713 1749 eis
743 1712 908 1749 auctor
942 1720 1038 1748 non
1069 1713 1253 1749 tantum
1284 1720 1416 1764 „quo

115 1777 252 1823 modo
288 1778 484 1837 populus
513 1773 806 1819 Christianus
838 1775 995 1817 omnia
1031 1773 1087 1817 ad
1110 1775 1305 1817 salutem
1335 1789 1418 1817 ne-

117 1849 322 1890 cessaria
344 1844 581 1890 doeendus
608 1845 685 1898 sit,
718 1842 844 1887 unde
865 1858 919 1885 ea
943 1842 1149 1897 haurire,
1178 1850 1224 1885 et
1249 1841 1415 1901 quibus

118 1915 417 1959 adminiculis
450 1914 730 1970 scripturas7
770 1926 889 1971 quae
922 1912 1013 1955 ista
1046 1920 1215 1954 cuneta
1249 1925 1416 1969 suppe-

117 1984 291 2040 ditent‚
338 1983 636 2042 interpretari
663 1988 899 2040 oporteat,
945 1979 1026 2023 sed
1049 1981 1188 2022 etiam
1220 1994 1308 2038 qua
1340 1994 1414 2021 ra-

115 2056 244 2097 tione
275 2068 391 2113 quae
423 2059 749 2112 proponuntur
786 2047 943 2092 efferri
975 2048 1196 2104 debeant,
1236 2055 1285 2091 ut
1309 2049 1414 2090 ani-

116 2138 214 2166 mos
255 2122 519 2167 auditorum
556 2127 659 2177 apte
689 2118 886 2162 subeant
916 2126 961 2161 et
998 2116 1249 2160 efficaciter
1290 2132 1414 2159 eom-—

116 2192 384 2236 nloveant.“
455 2189 586 2234 Libri
609 2195 704 2231 tres
728 2188 905 2248 priores
929 2187 1170 2246 pertinent
1202 2184 1260 2229 ad
1285 2182 1414 2229 theo-
