1503 2465
144 128 196 166 (58
503 129 739 170 AURELH
768 129 1089 171 AUGUS'HNI

147 211 345 252 Christus
378 213 630 253 resurrexit.
692 214 792 253 Hoc
820 219 969 254 autem
998 213 1119 268 quod
1143 215 1348 267 sequitur
1374 212 1456 253 fal-

144 281 239 307 sum
261 274 342 307 est.
393 268 598 308 Christus
619 270 734 309 enim
755 270 1014 310 resurrexit.
1054 270 1236 310 Falsum
1258 276 1327 309 est
1345 281 1455 322 ergo

144 333 189 363 et
214 324 333 377 quod
363 325 610 376 praecedit.
674 325 915 365 Praecedit
941 331 1110 374 autem,
1145 339 1235 365 non
1259 337 1359 365 esse
1385 336 1454 364 re-

142 380 472 420 surrectionem
512 386 805 420 mortuorum.
880 381 963 420 Est
1000 383 1141 434 igitur
1177 381 1455 420 resurrectio

141 442 437 476 mortuorum.
490 436 622 484 Quod
641 442 783 476 totum
803 437 1003 476 breviter
1019 438 1085 476 ita
1104 437 1289 476 dieitur:
1310 438 1345 476 si
1367 448 1456 475 non

143 497 213 530 est
230 492 506 530 resurrectio
529 497 833 541 mortuorum,
861 504 1003 546 neque
1025 491 1229 532 Christus
1256 503 1455 531 resurre-

141 547 229 596 xit3
270 545 476 586 Christus
502 554 648 587 autem
673 549 944 597 resurrexit3
985 554 1054 588 est
1086 549 1227 600 igitur
1255 559 1455 587 resurre-

142 605 232 642 ctio
253 610 549 643 mortuorum.
608 604 711 644 Hoc
736 616 868 658 ergo,
908 609 954 644 ut
980 605 1275 656 consequenti
1302 603 1454 643 ablato

142 657 377 697 auferatur
401 659 537 698 etiam
566 662 825 699 necessario
853 659 972 713 quod
997 659 1249 713 praecedit,
1283 660 1454 698 nonin-

142 716 387 754 stituerunt
406 713 623 763 homines,
645 715 723 755 sed
744 715 1052 755 ostenderunt.
1091 715 1149 755 Et
1166 713 1278 754 haee
1295 714 1455 768 regula

140 771 340 822 pertinet
365 769 420 809 ad
447 772 685 811 veritatem
705 773 1060 820 connexionum,
1094 783 1184 810 non
1210 770 1265 810 ad
1290 770 1453 809 verita-

140 833 230 865 tem
249 827 587 866 sententiarum.

198 881 465 922 CXXXIII.
500 881 589 922 Sed
609 882 654 921 in
675 881 881 922 hocloco
899 883 953 923 de
967 883 1303 922 resurrectione
1320 894 1453 934 quum

141 942 373 991 ageretur,
410 943 455 977 et
472 938 633 992 regula
652 940 946 979 connexionis
968 950 1075 978 vera
1094 944 1180 985 est,
1221 938 1383 990 etipsa
1407 937 1453 976 in

140 994 437 1033 conclusione
471 994 711 1034 sententia.
776 994 824 1034 In
857 993 986 1034 falsis
1026 1001 1176 1035 autem
1216 993 1453 1032 sententiis

141 1049 444 1089 connexionis
473 1051 639 1089 veritas
672 1055 740 1090 est
771 1051 861 1090 isto
895 1050 1045 1090 modo.
1104 1050 1341 1089 Faciamus
1374 1049 1451 1089 ali-

141 1117 272 1157 quem
297 1107 606 1145 concessisse:
639 1106 677 1144 si
710 1106 874 1146 animal
892 1112 961 1146 est
980 1104 1182 1153 cochlea,
1202 1117 1359 1145 vocem
1380 1104 1452 1144 ha-

136 1161 229 1200 bet.
292 1160 391 1200 Hoc
427 1173 646 1200 concesso
680 1174 812 1214 quum
838 1162 1072 1215 probatum
1102 1161 1261 1210 fuerit,
1296 1173 1453 1200 vocem

140 1215 373 1256 cochleam
401 1230 489 1256 non
514 1215 701 1266 habere,
741 1220 951 1271 quoniam
977 1217 1272 1271 consequenti
1298 1217 1450 1257 ablato

138 1272 253 1312 illud
273 1271 393 1325 quod
412 1273 647 1324 praecedit
664 1273 885 1323 aufertur,
919 1274 1205 1313 concluditur
1234 1286 1319 1312 non
1349 1284 1450 1312 esse

140 1328 306 1367 animal
325 1326 573 1369 cochleam.
635 1329 761 1377 Quae
781 1330 1007 1370 sententia
1023 1328 1141 1369 falsa
1165 1334 1255 1377 est3
1288 1328 1367 1368 sed
1396 1340 1451 1368 ex

140 1396 360 1423 concesso
380 1383 497 1423 falso
517 1397 624 1424 vera
644 1391 714 1424 est
731 1385 1037 1425 conclusionis
1066 1385 1304 1425 connexio,
1363 1383 1450 1424 Ve-

136 1442 249 1479 ritas
283 1440 435 1492 itaque
471 1442 724 1480 sententiae
759 1453 839 1494 per
862 1442 1076 1494 seipsam
1099 1440 1244 1490 valet3
1282 1440 1449 1479 veritas

139 1501 289 1535 autem
314 1496 611 1536 connexionis
641 1508 696 1536 ex
720 1499 816 1537 eius
840 1510 937 1537 cum
958 1508 1045 1550 quo
1066 1497 1215 1550 agitur
1235 1496 1449 1548 opinione

137 1551 210 1590 wel
230 1552 526 1590 concessione
548 1554 772 1593 consistit.
812 1553 915 1592 ldeo
937 1558 1099 1601 autem,
1118 1557 1167 1592 ut
1184 1564 1318 1606 supra
1336 1551 1448 1591 dixi-

137 1620 259 1655 mus,
294 1606 489 1646 infertur
506 1619 614 1647 vera
640 1610 921 1658 connexione
942 1609 1062 1662 quod
1087 1607 1250 1648 falsum
1276 1612 1362 1655 est,
1400 1612 1449 1646 ut

140 1676 260 1711 eum,
295 1665 422 1702 cuius
449 1675 651 1704 errorem
687 1665 916 1718 corrigere
950 1665 1182 1712 volumus,
1215 1665 1449 1716 poeniteat

140 1720 424 1758 concessisse
449 1719 794 1772 praecedentia,
824 1733 1010 1774 quorum
1039 1720 1363 1772 consequentia
1385 1720 1446 1757 vi·

140 1774 216 1813 det
235 1786 335 1813 esse
353 1776 623 1826 respuenda.
681 1776 772 1816 Iam
793 1775 895 1816 hinc
914 1776 1171 1829 intelligere
1199 1774 1334 1814 facile
1361 1780 1446 1822 est,

140 1830 257 1869 sicut
275 1830 320 1868 in
338 1828 467 1870 falsis
487 1832 726 1871 sententiis
746 1844 874 1871 veras
888 1862 898 1881 ,
922 1833 1046 1872 sicin
1069 1832 1187 1870 veris
1209 1831 1446 1870 sententiis

137 1885 278 1924 falsas
295 1886 613 1926 conclusiones
630 1899 730 1927 esse
746 1900 896 1940 posse.
909 1887 997 1927 Fac
1013 1887 1128 1926 enim
1139 1887 1332 1939 aliquem
1347 1898 1446 1938 pro-

137 1941 368 1993 posuisse:
389 1942 427 1980 si
444 1943 589 1982 iustus
610 1950 678 1982 est
696 1943 792 1992 ille,
813 1944 958 1983 bonus
978 1951 1060 1991 est,
1081 1949 1125 1982 et
1143 1955 1242 1982 esse
1264 1955 1447 1982 conces-

140 2009 255 2041 sum:
296 1996 458 2036 deinde
485 1998 779 2038 adsumsisse:
806 2013 893 2038 non
914 2004 983 2039 est
1000 2004 1147 2038 autem
1164 2000 1327 2047 iustus3
1357 2009 1444 2049 quo

137 2054 246 2091 item
266 2065 485 2092 concesso
500 2084 510 2102 ,
537 2054 744 2093 intulisse
765 2055 1120 2094 conclusionem:
1154 2065 1242 2093 non
1273 2058 1341 2093 est
1363 2053 1449 2106 igi-

138 2115 210 2147 tur
227 2108 386 2147 bonus.
431 2109 556 2156 Quae
576 2116 724 2149 tamen
745 2112 831 2149 etsi
853 2121 960 2150 vera
977 2111 1067 2150 sint
1087 2109 1248 2158 omnia,
1270 2122 1359 2148 non
1378 2114 1449 2148 est

139 2169 289 2203 tamen
308 2175 415 2203 vera
431 2166 591 2217 regula
610 2166 931 2206 conclusionis.
985 2164 1084 2204 Non
1105 2165 1221 2204 enim
1240 2165 1355 2203 sieut
1372 2165 1447 2203 ab·

139 2219 233 2259 lato
254 2222 548 2273 consequenti
571 2220 773 2262 aufertur
791 2222 1050 2262 necessario
1064 2220 1182 2273 quod
1200 2219 1446 2274 praecedit,
