1503 2465
102 127 181 169 126
460 128 694 170 AURELII
721 128 1045 171 AUGUSTINI

102 212 181 252 sed
207 223 297 251 non
321 206 531 261 scientia,
565 213 687 252 nullo
711 212 847 252 modo
872 213 995 253 aliud
1018 218 1175 266 posset
1198 214 1408 268 intelligi.

104 268 347 309 Scientiam
366 267 497 319 plane
518 280 604 306 non
624 273 856 307 cunctatus
875 274 945 308 est
960 270 1188 322 profiteri,
1213 272 1308 310 sine
1325 283 1412 323 qua

104 335 204 363 esse
225 322 386 361 doctor
403 322 602 374 gentium
622 336 710 362 non
728 324 915 364 valeret.
976 324 1108 365 Certe
1129 326 1164 365 si
1187 326 1290 379 quid
1312 327 1410 365 eius

104 378 374 432 proferimus
394 378 448 417 ad
469 378 718 430 exemplum
738 378 1040 431 eloquentiae,
1063 392 1117 420 ex
1136 381 1226 421 illis
1243 383 1411 433 episto-

104 436 160 475 lis
183 434 335 485 utique
356 431 647 485 proferimus,
679 446 787 486 quas
808 435 942 473 etiam
968 436 1052 488 ipsi
1079 436 1410 476 obtrectatores

105 491 223 536 eim,
249 489 323 541 qui
343 500 594 527 sermonem
616 490 867 542 praesentis
890 491 1242 531 contemtibilem
1263 492 1411 544 putari

104 545 331 593 volebant,
357 556 517 596 graves
537 549 581 583 et
600 544 743 583 fortes
763 557 863 583 esse
884 545 1080 585 confessi
1103 553 1218 587 sunt.
1237 549 1274 597 ¹)
1333 546 1411 586 Di-

105 601 294 640 cendum
323 612 432 652 ergo
457 597 565 638 mihi
590 600 760 652 aliquid
789 612 889 639 esse
906 601 1040 641 video
1061 608 1105 641 et
1123 602 1176 641 de
1198 601 1411 655 eloquen-

103 658 168 696 tia
200 653 542 709 prophetarum,
575 655 653 694 ubi
687 668 766 708 per
789 656 1092 709 tropologiam
1118 658 1259 697 multa
1285 658 1410 697 obte-

106 718 292 765 guntur,
326 723 440 763 quae
468 715 632 762 quanto
655 711 797 763 magis
827 711 1060 752 translatis
1085 713 1233 752 verbis
1263 713 1411 752 viden-

104 774 177 807 tur
195 768 376 820 operiri,
397 772 521 805 tanto
540 768 699 819 magis,
725 779 858 819 quum
880 765 1049 808 fuerint
1071 774 1241 820 aperta,
1261 768 1411 808 dulce-

105 829 250 863 scunt.
311 821 400 862 Sed
420 820 626 861 hocloco
647 821 738 861 tale
763 822 934 875 aliquid
957 835 1309 864 commemorare
1336 823 1410 863 de-

104 879 213 928 beo,
247 877 318 918 ubi
349 889 461 930 quae
486 876 607 917 dicta
630 882 734 917 sunt
756 889 845 917 non
880 890 1019 932 cogar
1044 891 1293 933 exponere,
1330 878 1412 919 sed

106 934 413 974 commendem
445 937 639 982 tantum,
673 945 760 986 quo
792 933 928 973 modo
965 934 1086 974 dicta
1112 936 1215 975 sint.
1274 934 1332 975 Et
1356 946 1412 974 ex

104 991 228 1031 illius
249 987 493 1042 prophetae
513 988 627 1027 libro
646 989 928 1040 potissimum
948 988 1033 1030 hoc
1054 989 1239 1040 faciam,
1266 990 1339 1043 qui
1361 1002 1410 1029 se

105 1051 334 1100 pastorem
352 1043 423 1083 vel
442 1046 760 1084 armentarium
778 1043 919 1084 fuisse
936 1045 1059 1096 dicit,
1080 1051 1214 1099 atque
1231 1046 1336 1085 inde
1347 1045 1410 1084 di-

106 1102 273 1141 vinitus
290 1100 487 1139 ablatum
504 1104 638 1152 atque
653 1101 853 1148 missum,
872 1105 919 1139 ut
932 1100 1017 1141 Dei
1036 1102 1202 1154 populo
1220 1099 1409 1154 prophe-

106 1157 298 1206 taret2):
325 1168 411 1194 non
436 1161 584 1194 autem
613 1156 857 1195 secundum
884 1157 1172 1210 septuaginta
1190 1158 1408 1209 interpre-

108 1220 197 1260 tes,
237 1211 308 1264 qui
330 1213 463 1250 etiam
488 1211 574 1262 ipsi
594 1211 744 1250 divino
765 1212 925 1262 spiritu
944 1213 1229 1264 interpretati
1248 1213 1305 1252 ob
1325 1211 1411 1251 hoc

107 1270 241 1309 aliter
260 1266 465 1307 videntur
485 1280 600 1305 nonn
610 1267 699 1306 ulla
709 1267 894 1315 dixisse,
908 1273 953 1307 ut
971 1268 1025 1307 ad
1044 1269 1293 1321 spiritalem
1312 1280 1412 1307 sen-

107 1338 203 1365 sum
220 1322 506 1362 scrutandum
521 1323 664 1374 magis
680 1322 998 1363 admoneretur
1014 1325 1199 1363 lectoris
1217 1323 1410 1363 intentio

108 1379 244 1432 (unde
265 1378 399 1418 etiam
419 1378 684 1418 obscuriora
700 1378 927 1428 nonnulla,
947 1380 1050 1432 quia
1065 1381 1204 1432 magis
1221 1379 1410 1431 tropica,

109 1440 213 1476 sunt
236 1436 433 1481 eorum),
461 1432 540 1472 sed
566 1434 684 1473 sicut
706 1447 761 1474 ex
782 1434 993 1473 Hebraeo
1022 1435 1063 1474 in
1087 1435 1293 1474 Latinum
1318 1434 1410 1473 elo-

111 1492 261 1545 quium
287 1488 555 1542 presbytero
576 1489 858 1542 Hieronymo
882 1492 1114 1545 utriusque
1139 1492 1320 1544 linguae
1338 1501 1411 1542 pe-

109 1551 198 1587 rito
238 1544 616 1596 inte1·p1·etante³)
656 1545 876 1586 translata
914 1551 1029 1586 sunt.
1097 1546 1241 1595 Quum
1273 1546 1414 1598 igitur

112 1606 325 1656 argueret
344 1600 522 1652 impios,
547 1600 790 1652 superbos,
817 1600 1096 1650 luxuriosos,
1121 1607 1166 1642 et
1184 1600 1412 1644 fraternae

111 1659 215 1698 ideo
240 1655 656 1709 negligentissimos
683 1656 911 1705 caritatis,
941 1657 1135 1697 rusticus
1158 1657 1228 1697 vel
1264 1669 1319 1696 ex
1342 1669 1409 1695 ru-

112 1718 228 1754 stico
258 1713 334 1751 ille
361 1709 580 1763 propheta
607 1712 875 1751 exclamavit
904 1712 1130 1763 dicens4):
1171 1711 1259 1752 Vae
1286 1710 1410 1764 quw)

113 1768 305 1822 opulenti
328 1765 426 1807 estis
447 1766 491 1804 in
509 1765 614 1805 Sion
640 1774 683 1805 et
707 1766 924 1820 emfiditis
945 1767 991 1807 in
1008 1774 1150 1808 monte
1167 1766 1409 1813 Samariae,

112 1824 359 1877 optimates,
391 1820 536 1874 capita
553 1823 834 1874 populorum,
859 1822 1148 1875 ingredientes
1166 1822 1412 1876 pompatice

112 1882 281 1921 domam
300 1878 455 1926 Israel,
492 1876 674 1917 transite
689 1876 734 1916 in
757 1877 998 1928 ChaImzne,
1034 1885 1077 1919 et
1098 1878 1253 1927 videte,
1288 1885 1330 1918 et
1353 1877 1412 1917 ite

163 2029 194 2070 1)
217 2028 273 2061 Cf.
290 2032 310 2060 2
330 2028 414 2061 Cor.
437 2032 488 2066 10,
512 2032 559 2062 10.
609 2029 646 2070 2)
669 2029 724 2061 Cf.
745 2029 865 2062 Amos.
888 2034 917 2069 1,
945 2034 974 2063 l.
1003 2031 1107 2068 214.
1127 2041 1155 2063 s.
1203 2030 1241 2071 3)
1262 2030 1317 2063 De
1342 2041 1409 2072 quo

112 2075 158 2107 cf.
185 2075 276 2115 Aug.
302 2086 386 2117 epp.
411 2077 464 2107 71.
491 2077 543 2108 75.
568 2078 622 2107 Sl.
647 2080 702 2108 82.
752 2076 789 2117 4)
814 2076 936 2108 Amos.
952 2078 983 2114 6,
1014 2081 1039 2109 Ι.
1065 2088 1114 2109 ss.
1163 2076 1200 2113 5)
1220 2076 1309 2114 Am„
1339 2077 1409 2114 Er„

114 2119 214 2153 cah:
232 2131 299 2153 vae
317 2120 418 2154 vohis
436 2120 506 2165 qus,
526 2121 805 2173 adversantibus
823 2123 929 2155 codd.
942 2126 979 2155 et
996 2126 1103 2156 textu
1116 2123 1228 2155 Hebr.
1249 2121 1410 2155 etGrae-

113 2191 167 2211 co.
215 2178 259 2211 In
279 2179 390 2211 Hebr.
409 2177 606 2225 ΕᾛΞξῗξῗ]
628 2179 715 2223 ἾἾΠ,
740 2189 803 2212 vae
822 2179 977 2217 securim
1001 2191 1060 2223 np.
1077 2178 1219 2213 LXX:
1247 2173 1321 2209 υύιιι
1342 2181 1410 2213 τοῖς

112 2235 334 2274 ἐξουθενοῦυι
351 2233 447 2266 Σιών.
527 2229 533 2235 ’
