1503 2465
156 139 235 179 176
513 137 746 177 AURELM
777 138 1094 179 AUGUSTENJ

152 230 224 263 tur
244 223 474 274 corruptio
493 233 580 260 non
601 219 802 270 haberet,
823 223 906 261 nisi
929 228 1051 262 esset
1069 223 1186 275 quod
1208 236 1461 276 corrumpe-

155 285 298 324 retur,
338 277 458 330 quod
490 277 572 315 nisi
599 278 766 316 bonum
794 283 936 326 esset,
967 290 1048 318 nec
1074 287 1458 330 corrumperetur:

155 335 364 386 quoniam
390 331 503 372 nihil
529 337 598 371 est
629 332 751 372 aliud
772 334 1077 386 corruptio,
1112 347 1240 386 quam
1260 335 1365 374 boni
1387 348 1460 374 ex-

154 388 430 428 terminatio.
466 388 533 427 Ex
549 387 681 428 bonis
700 388 840 441 igitur
858 390 975 428 mala
993 395 1092 429 orta
1112 395 1227 435 sunt,
1249 395 1294 428 et
1309 391 1393 429 nisi
1413 391 1459 429 in

153 444 378 496 aliquibus
396 444 527 483 bonis
546 456 634 482 non
654 449 776 493 sunt3
808 456 891 483 nec
909 450 1004 483 crat
1023 445 1156 494 alias,
1182 446 1298 484 unde
1320 446 1460 484 orire-

151 506 224 539 tur
242 500 334 538 ulla
353 499 456 538 mali
477 505 646 539 natura.
673 498 785 539 Nam
804 500 841 538 si
862 505 995 549 esset,
1015 502 1060 540 in
1073 507 1282 552 quantum
1302 507 1460 540 natura

154 560 289 604 esset,
309 555 517 604 profecto
538 554 656 594 bona
675 561 816 605 esset3
845 561 889 594 et
909 561 985 594 aut
1001 556 1359 607 incorruptibilis
1386 568 1460 594 na-

153 617 255 650 tura
272 623 480 663 magnum
499 616 621 650 esset
649 611 840 659 bonum,
866 616 943 650 aut
965 612 1098 650 etiam
1125 619 1284 650 natura
1307 623 1459 650 corru-

152 666 325 718 ptibilis
345 666 467 705 nullo
488 665 622 705 modo
643 672 786 714 esset,
812 667 899 706 nisi
919 667 1103 718 aliquod
1120 667 1306 715 bonum,
1339 665 1459 719 quod

151 722 317 761 bonum
338 722 665 772 corrumpendo
685 728 842 774 posset
862 722 901 760 ei
921 734 1087 761 nocere
1108 723 1353 773 corruptio.

208 777 253 816 C.
282 776 379 816 XV.
442 776 531 816 Sed
560 789 693 829 quum
715 777 833 816 mala
860 789 914 816 ex
935 777 1067 817 bonis
1095 784 1192 816 orta
1221 790 1320 816 esse
1348 777 1457 816 dici-

151 846 270 879 mus,
305 846 393 872 non
427 837 607 884 putetur
640 831 726 871 hoc
761 832 1013 872 dominicae
1039 834 1229 872 sententi
1237 845 1288 871 ae
1318 832 1409 871 refr
1414 845 1457 870 a-

153 889 383 941 ga1i‚qua
402 888 515 927 dixit
531 889 589 937 ¹):
623 886 721 926 Non
736 895 881 941 potest
897 888 1029 928 arbor
1048 888 1159 928 bona
1167 887 1347 942 fructus
1366 900 1454 926 ma-

150 943 388 998 losfacere.
448 942 547 983 Non
568 949 717 995 potest
736 944 866 992 enim,
888 945 1004 983 sicut
1022 945 1189 983 veritas
1210 945 1272 982 ait
1287 944 1344 994 2),
1366 943 1456 982 col-

149 1000 233 1052 ligi
256 1012 338 1039 uva
355 1000 408 1038 de
429 999 582 1051 spinis,
603 1000 811 1051 quianon
830 1004 983 1051 potest
996 1013 1052 1039 uv
1057 1000 1217 1038 anasei
1232 1000 1286 1039 de
1300 998 1453 1051 spinis.

151 1055 239 1096 Sed
260 1067 317 1094 ex
334 1055 452 1094 bona
468 1060 589 1094 terra
608 1060 652 1093 et
665 1055 780 1093 vites
800 1057 922 1095 nasci
938 1067 1072 1106 posse
1084 1055 1355 1103 videmus‚et
1369 1055 1454 1106 spi-

148 1124 243 1151 nas.
271 1111 326 1150 Et
342 1110 500 1150 eodem
517 1109 652 1149 modo
668 1115 894 1162 tamquam
909 1111 1044 1149 arbor
1058 1111 1173 1150 mala
1188 1109 1361 1149 fructus
1376 1109 1454 1148 bo-

149 1180 251 1215 nos,
286 1166 332 1205 id
351 1171 437 1214 est,
477 1177 614 1218 opera
631 1165 769 1213 bona,
796 1178 883 1205 non
902 1172 1053 1218 potest
1071 1166 1222 1205 facere
1246 1165 1454 1204 voluntas

146 1223 277 1262 mala.
339 1221 429 1262 Sed
448 1233 502 1260 ex
521 1221 639 1260 bona
657 1219 851 1260 hominis
872 1227 1029 1260 natura
1049 1222 1157 1261 oriri
1176 1221 1382 1260 voluntas
1407 1226 1452 1259 ct

146 1279 267 1317 bona
290 1282 440 1330 potest
465 1282 509 1316 et
531 1277 662 1315 mala.
723 1276 817 1316 Nec
843 1276 928 1316 fuit
951 1289 1135 1330 prorsus
1159 1276 1275 1315 unde
1305 1276 1452 1329 primi-

148 1340 219 1373 tus
247 1333 443 1372 oriretur
461 1332 669 1371 voluntas
688 1332 825 1380 mala,
851 1333 938 1372 nisi
957 1345 1011 1372 ex
1029 1333 1177 1385 angeli
1199 1338 1243 1371 et
1259 1331 1453 1371 hominis

146 1395 308 1428 natura
323 1389 455 1427 bona.
492 1388 622 1435 Quod
643 1388 800 1440 etipse
819 1387 1039 1427 Dominus
1061 1389 1219 1428 eodem
1237 1387 1357 1436 loco,
1376 1387 1453 1427 ubi

149 1444 202 1484 de
223 1444 383 1483 arbore
404 1449 448 1482 et
465 1441 686 1482 fructibus
707 1444 988 1495 loquebatur,
1006 1443 1287 1495 apertissime
1304 1447 1452 1481 osten-

149 1499 226 1540 dit.
287 1500 359 1539 Ait
378 1499 570 1548 enimss):
604 1498 846 1552 Ant-facite
865 1499 1062 1538 arborem
1088 1498 1261 1546 bonam,
1291 1504 1331 1537 et
1343 1496 1449 1552 sru-

148 1562 261 1595 ctum
281 1555 368 1594 eius
394 1554 569 1603 bonnm,
605 1562 681 1594 aut
691 1553 838 1609 facite
864 1554 1063 1594 arborem
1085 1555 1263 1602 malam,
1292 1553 1448 1606 etfru-

148 1618 261 1651 ctum
282 1610 369 1651 eins
387 1611 576 1658 maletum
608 1612 717 1649 satis
733 1610 978 1650 admonens
999 1623 1054 1650 ex
1084 1610 1244 1649 arbore
1272 1608 1450 1661 quidem

145 1667 266 1706 bona
289 1666 453 1715 malos,
488 1671 563 1705 aut
590 1678 645 1706 ex
671 1666 789 1705 mala
821 1666 967 1706 bonos
1002 1666 1124 1705 nasci
1157 1664 1329 1704 fructus
1364 1676 1452 1703 non

146 1734 303 1775 posse,
330 1734 386 1761 cx
410 1724 510 1773 ipsa
531 1726 680 1761 tamen
703 1728 845 1771 terra,
872 1722 942 1761 cui
970 1721 1256 1774 loquebatur,
1289 1725 1450 1758 utram-

147 1790 232 1832 que
254 1778 459 1817 arborem
481 1775 633 1830 [oriri]
656 1789 803 1829 posse.

202 1834 249 1872 C.
267 1831 384 1873 XVI.
447 1832 571 1880 Quae
592 1846 723 1885 quum
742 1834 806 1872 ita
825 1833 929 1882 sint,
957 1832 1133 1885 quando
1155 1831 1282 1870 nobis
1300 1830 1449 1868 Maro-

144 1890 214 1929 nis
230 1889 308 1929 ille
330 1900 483 1927 versus
501 1887 720 1939 placet4):
747 1888 935 1937 „Felix
958 1888 1046 1940 qui
1074 1888 1248 1939 potuit
1277 1897 1447 1924 rerum

147 1957 169 1984 c
182 1956 317 1998 ogno
330 1956 384 1984 sc
397 1955 483 1982 ere
504 1956 525 1981 c
538 1946 779 1992 aussas,“
801 1957 888 1983 non
907 1943 1037 1982 nobis
1056 1942 1330 1981 videaturad
1351 1940 1449 1979 foli-

146 2000 329 2040 citatem
348 1999 707 2051 consequendam
727 2001 969 2053 pertinere,
995 1999 1031 2037 si
1054 2000 1244 2037 sciamus
1265 2009 1448 2035 caussas

144 2067 407 2109 magnarum
430 2055 476 2092 in
499 2054 661 2094 mundo
696 2054 995 2107 corporalium
1030 2055 1296 2099 motionum,
1334 2062 1447 2102 quae

148 2235 178 2267 G
198 2190 228 2229 ι’)
249 2189 336 2220 Mat.
363 2188 393 2223 τ,
425 2189 473 2219 18.
524 2186 561 2228 2)
585 2184 678 2218 Ibid.
704 2197 737 2218 v.
763 2189 811 2220 16.
862 2186 898 2227 3)
922 2187 1008 2218 Mat.
1032 2188 1081 2223 12,
1110 2190 1162 2218 33.
1213 2188 1249 2226 4)
1272 2183 1448 2224 Cf.Virg.

183 2246 282 2276 eorg.
300 2239 328 2272 2,
345 2236 422 2265 4²30.
