1503 2465
145 118 224 156 212
507 115 744 155 AURELH
775 115 1095 156 AUGUSTIM

147 201 275 248 ciem,
295 204 553 252 tantamque
579 212 733 252 pacem
758 198 1021 238 habebimus
1047 211 1155 252 erga
1184 212 1287 249 eos,
1322 213 1453 253 quan-

148 262 238 295 tam
265 262 307 294 et
332 256 418 307 ipsi
448 268 555 308 erga
585 269 686 302 nos,
722 257 826 306 quia
850 261 1019 294 tantum
1046 268 1125 294 eos
1152 255 1359 295 dilecturi
1387 270 1455 295 su-

148 325 267 357 mus,
296 317 507 363 quantum
536 311 589 349 ab
619 311 683 349 eis
714 311 957 362 diligimur.
1018 310 1173 362 ltaque
1193 324 1276 363 pax
1301 323 1456 351 eorum

149 374 258 405 nota
277 367 407 405 nobis
428 368 527 414 erit,
556 367 660 418 quia
679 371 722 404 et
738 372 892 404 nostra
909 365 1011 403 talis
1030 379 1081 404 ac
1101 373 1224 405 tanta
1242 367 1341 414 erit,
1374 378 1457 407 nee

148 422 396 475 praecellet
424 427 530 461 tunc
554 421 832 460 intellectum
856 427 1079 471 nostrum3
1111 421 1195 460 Dei
1223 435 1329 461 vero
1357 434 1454 474 pax,

149 490 262 529 quae
285 478 381 516 illic
407 484 475 516 est
501 489 610 529 erga
636 490 740 524 nos,
779 482 823 515 et
843 482 1044 514 nostrum
1066 483 1110 515 et
1128 478 1306 516 illorum
1327 478 1457 517 intel-

150 531 314 572 lectum
335 534 430 572 sine
451 532 732 571 dubitatione
754 532 1012 584 praecellet.
1072 532 1140 570 De
1166 533 1264 585 ipso
1294 534 1455 586 quippe

149 590 282 628 beata
301 594 369 627 est
388 588 622 627 rationalis
644 594 864 634 creatura,
893 599 1198 640 quaecumque
1221 588 1353 627 beata
1373 595 1454 639 est,

148 657 236 683 non
263 646 360 695 ipse
388 644 441 682 de
466 644 556 683 illa.
618 643 743 682 Unde
770 643 1011 681 secundum
1038 641 1122 683 hoc
1151 644 1310 683 melius
1342 645 1456 683 acci-

148 701 268 751 pitur
301 699 420 751 quod
444 700 657 751 seriptum
685 704 771 737 est:
807 698 902 737 Past·
926 696 1013 736 Dei
1039 700 1263 750 praecellit
1291 712 1456 739 omnem

144 754 432 802 intelleccmn;
464 761 511 793 ut
530 756 571 792 in
592 766 646 792 eo
668 754 785 806 quod
807 754 939 793 dicit:
970 767 1158 804 omnem,
1178 768 1260 793 nec
1278 757 1373 807 ipse
1392 757 1455 795 in-
1502 793 1503 796 ,

145 811 357 850 tellectus
378 817 633 849 sanctorum
657 809 921 862 angelorum
940 821 1039 848 esse
1060 811 1203 862 possit
1224 817 1453 863 exceptus,
1502 832 1503 838 κ

148 866 228 905 sed
253 866 339 905 Dei
372 866 528 905 solius,
591 864 746 917 Neque
783 866 900 904 enim
934 870 979 903 et
1001 866 1141 917 ipsius
1174 866 1453 906 intellectum

145 933 234 975 pax
253 922 348 961 eius
369 921 565 960 excellit.

204 978 249 1015 C.
273 976 431 1017 Lxlv.
493 976 782 1015 Concordant
799 981 946 1015 autem
965 976 1114 1029 angeli
1136 976 1368 1016 nobiscum
1392 981 1452 1016 et-

143 1034 233 1073 iam
261 1046 394 1080 nunc,
430 1046 563 1085 quum
590 1033 878 1070 remittuntur
903 1038 1058 1071 nostra
1083 1038 1283 1084 peccata.
1344 1033 1451 1072 Ideo

143 1094 249 1142 post
274 1088 750 1128 commemorationem
780 1093 961 1126 sanetae
989 1088 1211 1127 ecclesiae
1230 1089 1273 1126 in
1294 1089 1450 1128 ordine

145 1144 448 1184 confessionis
468 1145 650 1194 ponitur
667 1143 874 1182 remissio
897 1149 1197 1194 peccatorum.
1235 1144 1321 1182 Per
1339 1143 1451 1183 hanc

147 1201 263 1240 enim
283 1206 370 1238 stat
389 1200 601 1245 eeclesia,
632 1211 744 1250 quae
764 1199 809 1236 in
834 1199 968 1237 terris
996 1205 1085 1245 est3
1116 1212 1195 1252 per
1224 1198 1336 1238 hanc
1364 1212 1448 1239 non

143 1256 262 1308 perit
280 1255 398 1308 quod
420 1255 617 1307 perierat
638 1260 681 1293 et
700 1257 926 1293 inventum
946 1263 1026 1293 est.
1071 1255 1268 1307 Excepto
1289 1256 1450 1308 quippe

142 1311 426 1365 baptismatis
446 1322 643 1358 munere,
661 1310 779 1362 quod
803 1315 960 1348 contra
979 1310 1198 1359 originale
1220 1317 1451 1362 peccatum

145 1367 358 1407 donatum
378 1372 461 1413 est,
481 1371 529 1405 ut
547 1366 667 1417 quod
692 1367 985 1418 generatione
1005 1366 1254 1405 adtractum
1275 1372 1357 1414 est,
1383 1378 1449 1405 re-

146 1423 441 1476 generatione
482 1420 747 1460 detrahatur
791 1426 862 1470 (et
903 1427 1051 1460 tamen
1086 1422 1234 1460 activa
1271 1433 1447 1474 quoque

143 1483 351 1532 peccata,
387 1489 691 1530 quaecumque
719 1477 879 1525 corde,
914 1489 1012 1524 ore,
1048 1489 1184 1529 opere
1210 1479 1450 1516 commissa

142 1535 380 1581 invenerit,
400 1533 565 1581 tollit);
600 1531 680 1571 hac.
701 1544 809 1584 ergo
832 1538 1020 1583 excepta
1035 1545 1196 1585 magna
1214 1532 1448 1584 indulgen-

143 1591 227 1638 tia,
262 1589 377 1628 unde
396 1588 555 1640 incipit
575 1586 766 1627 hominis
792 1588 1047 1635 renovatio,
1077 1588 1121 1626 in
1147 1600 1234 1640 qua
1257 1587 1449 1627 solvitur

146 1645 290 1684 omnis
318 1650 468 1683 reatus
497 1649 541 1682 et
570 1644 860 1696 ingeneratus
883 1648 927 1681 et
952 1643 1153 1691 additus,
1190 1644 1286 1695 ipsa
1313 1644 1448 1682 etiam

141 1703 237 1740 vita
262 1706 414 1739 cetera
440 1700 528 1737 iam
551 1699 727 1738 ratione
760 1699 928 1737 utentis
953 1699 1132 1747 aetatis,
1169 1699 1449 1752 quantalibet

143 1756 424 1809 praepolleat
457 1754 735 1793 fecunditate
768 1754 989 1801 iustitiae,
1041 1754 1136 1792 sine
1180 1755 1445 1793 remissione

141 1816 431 1865 peccatorum
452 1824 540 1848 non
559 1812 728 1862 agitur3
761 1809 968 1861 quoniam
992 1810 1069 1848 filii
1094 1809 1192 1858 Dei,
1221 1822 1349 1861 quam
1370 1809 1445 1848 diu

140 1867 397 1906 mortaliter
413 1866 590 1914 vivunt,
620 1878 717 1904 cum
738 1870 880 1903 morte
902 1864 1161 1917 confligunt,
1223 1865 1278 1904 Et
1297 1878 1444 1917 quam-

141 1925 209 1962 vis
238 1923 293 1962 de
321 1922 413 1961 illis
438 1922 496 1960 sit
519 1921 744 1960 veraciter
768 1920 934 1959 dietum
954 1923 1010 1967 ¹):
1046 1919 1266 1972 Quotquot
1291 1919 1446 1972 spire‘ltc

140 1977 230 2018 Dei
246 1984 459 2031 aguntur,
495 1975 639 2029 lcifilii
655 1983 755 2015 sunt
771 1974 877 2022 Dei,
915 1976 979 2014 sic
1007 1981 1153 2014 tamen
1180 1976 1338 2028 spiritu
1358 1974 1445 2013 Dei

144 2035 411 2081 excitantur,
443 2036 487 2071 et
504 2037 727 2084 tamquam
747 2031 825 2069 filii
846 2030 931 2069 Dei
951 2031 1189 2082 proficiunt
1210 2031 1263 2069 ad
1284 2030 1441 2076 Deum,

142 2095 192 2128 ut
210 2090 343 2129 etiam
363 2088 523 2141 spiritu
540 2100 638 2136 suo,
657 2087 849 2126 maxime
868 2086 1140 2139 adgravante
1163 2085 1446 2138 corruptibili

194 2214 222 2244 Ι]
247 2210 347 2240 Rom.
366 2211 396 2246 S,
422 2210 469 2238 14.
