1503 2465
213 111 291 151 DE
322 108 625 151 DOC'rRlNA
659 108 890 149 CilRlST.
951 107 1064 147 Llss.
1096 108 1172 148 ΠΙ.
1292 109 1342 148 ἀῖ

37 209 151 250 quae
171 195 351 249 quidem
371 199 441 234 est
457 194 582 234 utilis
603 193 798 233 collecta
824 192 878 232 de
898 191 1028 231 libris
1047 192 1245 245 gentium
1263 223 1272 240 ,
1308 193 1343 231 si

36 253 286 291 ‹lix-inarum
306 251 625 303 scripturarum
645 250 863 289 scientiae
886 252 1184 300 comparetur.
1234 247 1344 287 Nam

36 307 253 361 quidquid
278 305 411 346 homo
437 311 566 345 extra
600 305 832 353 didicerit,
866 304 901 344 si
943 303 1125 343 noxium
1161 308 1248 352 est,
1282 303 1343 343 ibi

35 365 291 412 danmatur3
324 364 363 402 si
385 362 497 401 utile
527 368 621 410 est,
648 361 708 400 ibi
735 360 976 399 invenitur.
1043 359 1100 398 Et
1125 372 1255 412 quum
1282 359 1343 399 ibi

35 421 223 473 quisque
248 418 474 457 invenerit
498 418 666 465 omnia,
705 427 818 469 quae
844 416 1018 455 utiliter
1046 415 1154 455 alibi
1171 414 1344 463 didicit,

32 475 176 514 multo
210 473 511 514 abundantius
547 473 606 511 ibi
642 472 843 511 inveniet
877 483 950 519 ea,
986 483 1099 524 quae
1127 483 1344 524 nusquam

35 532 216 570 omnino
245 530 374 578 alibi,
400 529 479 569 sed
507 529 549 567 in
570 528 748 567 illarum
772 526 1082 566 tantummodo
1104 527 1344 579 scriptura-

31 599 129 627 rum
146 585 339 626 mirabili
362 585 600 625 altitudine
621 590 665 622 et
683 583 877 622 mirabili
900 581 1149 622 humilitate
1170 583 1343 622 discun-

31 649 119 683 tur.
177 641 277 682 Hac
296 642 435 694 igitur
454 641 754 680 instructione
775 638 1028 691 praeditum
1057 651 1189 691 quum
1217 640 1346 692 signa

31 696 265 751 incognita
286 697 502 737 lectorem
522 709 611 736 non
630 695 937 749 impedierint,
971 694 1122 734 mitem
1144 700 1188 734 et
1206 692 1346 734 humi-

33 755 121 794 lem
142 753 301 802 corde,
332 753 618 805 subiugatum
641 752 804 791 leniter
820 749 1021 798 Christo,
1049 756 1093 790 et
1112 757 1344 790 oneratum

35 812 214 850 sarcina
230 810 333 857 levi,
354 808 586 848 fundatum
607 814 651 847 et
670 807 918 846 radicatum
935 810 979 844 et
998 806 1281 846 aedificatum
1301 808 1346 847 in

37 867 250 913 caritate,
287 877 415 917 quem
444 864 636 904 scientia
663 862 823 903 inflare
849 874 936 901 non
957 862 1123 914 possit,
1159 862 1346 903 accedat

38 923 92 962 ad
109 922 319 975 ambigua
334 923 461 974 signa
476 921 520 959 in
536 920 771 973 scripturis
788 917 1120 958 consideranda
1138 924 1183 958 et
1202 918 1346 958 discu-

37 978 212 1026 tienda,
243 977 296 1016 de
321 976 482 1029 quibus
508 976 597 1015 iam
617 976 753 1015 tertio
776 974 1000 1014 volumine
1018 973 1169 1015 dicere
1190 975 1348 1028 adgre-

40 1034 153 1083 diar,
179 1032 298 1086 quod
318 1032 538 1072 Dominus
558 1032 727 1071 donare
746 1029 1019 1084 dignabitur.

368 1267 604 1307 LIBER
661 1265 1022 1307 TERTIUS.

112 1366 157 1405 C.
179 1365 210 1406 1.
270 1337 451 1405 Homo
486 1365 648 1405 timens
682 1363 828 1403 Deum
860 1363 1141 1404 voluntatem
1174 1365 1270 1404 eius
1306 1366 1350 1404 in

39 1421 273 1474 scripturis
309 1421 477 1462 sanetis
514 1421 758 1473 diligenter
794 1420 993 1472 inquirit.
1053 1420 1110 1460 Et
1141 1432 1194 1460 ne
1230 1427 1350 1461 amet

38 1479 308 1527 certamina,
344 1478 512 1530 pietate
545 1482 831 1524 mansuetus,
866 1478 1174 1528 praemunitus
1213 1478 1347 1518 etiam

38 1535 230 1573 scientia
262 1533 539 1586 linguarum,
585 1544 638 1571 ne
680 1532 726 1571 in
762 1531 912 1571 verbis
949 1532 1345 1586 locutionibusque

35 1590 204 1642 ignotis
233 1588 439 1637 haereat,
465 1588 772 1641 praemunitus
796 1588 930 1627 etiam
957 1588 1216 1641 cognitione
1242 1602 1345 1642 qua-

31 1646 234 1684 rumdam
269 1658 417 1685 rerum
451 1644 830 1692 necessariarum,
872 1655 927 1683 ne
962 1644 1048 1683 vim
1084 1650 1343 1685 naturamve

35 1713 201 1748 earum,
222 1714 333 1754 quae
355 1706 537 1754 propter
556 1699 895 1739 similitudinem
915 1698 1199 1751 adhibentur,
1217 1702 1343 1753 igno-

31 1762 117 1805 ret,
138 1757 378 1796 adiuvante
400 1758 532 1796 etiam
554 1755 757 1795 codicum
781 1756 995 1805 veritate,
1031 1768 1160 1809 quam
1180 1758 1342 1797 sollers

33 1812 363 1852 emendationis
384 1812 621 1864 diligentia
640 1812 913 1863 procuravit,
932 1812 1084 1851 veniat
1101 1812 1163 1851 ita
1181 1813 1343 1852 instru-

33 1874 132 1908 ctus
152 1869 208 1908 ad
226 1869 436 1921 ambigua
454 1868 773 1920 scripturarum
794 1867 1078 1910 discutienda
1096 1865 1343 1920 atque“sol-

30 1923 191 1965 venda.
250 1925 309 1964 Ut
341 1931 487 1963 autem
522 1925 663 1976 signis
698 1922 919 1976 ambiguis
953 1936 1042 1963 non
1077 1922 1343 1976 decipiatur,

33 1984 244 2032 quantum
270 1992 348 2032 per
376 1992 457 2020 nos
482 1979 645 2019 instrui
669 1984 821 2030 potest
851 1979 969 2025 (fieri
1000 1985 1148 2018 autem
1180 1985 1340 2032 potest,

31 2042 82 2074 ut
100 2036 212 2075 istas
231 2036 342 2084 vias,
364 2048 473 2088 quas
497 2034 737 2074 ostendere
759 2035 976 2083 volumus,
998 2040 1225 2087 tamquam
1239 2047 1343 2087 pue-

32 2091 142 2130 riles
169 2091 240 2130 vel
262 2091 571 2144 magnitudine
599 2090 792 2143 ingenii,
820 2090 893 2129 vel
915 2091 1099 2130 maioris
1119 2090 1342 2130 illumina-

32 2148 171 2185 tionis
205 2147 410 2186 claritate
432 2146 680 2195 derideat);
711 2145 791 2184 sed
823 2152 993 2195 tamen,
1030 2152 1078 2185 ut
1106 2158 1342 2200 coeperam

36 2202 210 2252 dicere,
245 2211 455 2255 quantum
475 2214 554 2256 per
572 2214 653 2242 nos
672 2201 832 2242 instrui
853 2207 1027 2255 potest,
1063 2203 1135 2254 qui
1165 2214 1217 2242 eo
1239 2202 1341 2242 loco
