1503 2465
127 122 180 163 96
487 123 725 165 AURELH
754 124 1075 165 AUGUSTINI

129 221 227 247 eum
248 207 447 247 venisset
466 207 818 248 convincendum
839 207 893 247 de
913 214 1117 260 peccato,
1137 211 1371 262 proposuit
1391 211 1433 250 ei

128 262 470 303 similitudinem
497 263 550 302 de
575 275 794 316 paupere,
822 265 897 316 qui
924 263 1118 304 habebat
1138 278 1265 304 ovem
1285 279 1430 315 unam,

128 320 254 358 cuius
279 319 473 367 vicinus,
509 331 642 371 quum
673 318 861 358 haberet
883 319 1070 368 multas,
1105 320 1158 359 ad
1193 321 1431 361 adventum

125 372 319 426 hospitis
347 376 417 413 sui
438 374 616 413 unicam
638 375 790 426 potius
809 375 944 415 vicini
962 375 1032 414 sui
1048 377 1258 428 pauperis
1279 377 1428 419 ovicu-

122 429 211 468 lam
232 428 437 469 exhibuit
455 430 735 482 epulandam.
796 431 842 469 Iu
863 443 993 483 quem
1013 439 1262 471 commotus
1281 431 1428 471 David

125 485 272 524 occidi
294 498 393 524 eum
413 485 559 533 iussit,
581 493 626 525 et
646 486 979 538 quadruplicari
1002 498 1128 525 ovem
1149 488 1355 539 pauperi,
1379 494 1428 527 ut

123 553 171 580 se
199 541 406 580 nesciens
429 541 771 589 condemnaret,
807 542 879 593 qui
911 549 1176 594 peccaverat
1209 544 1424 590 sciens.1)

123 596 256 644 Quod
282 609 414 649 quum
439 597 479 634 ei
504 596 840 636 manifestatum
864 602 1005 646 esset,
1040 603 1084 636 et
1110 597 1323 638 divinitus
1353 598 1426 638 de-

121 651 325 691 nuntiata
344 652 556 700 vindicta,
585 652 716 692 diluit
734 653 1007 705 poenitendo
1027 659 1274 705 peceatum.
1337 653 1427 693 Sed

120 714 271 747 tamen
288 708 332 746 in
349 706 431 746 hac
451 708 743 747 similitudine
763 715 964 759 stuprum
981 709 1289 748 tantummodo
1310 709 1425 749 desi-

124 768 306 815 gnatum
334 769 403 802 est
427 763 480 802 de
506 776 588 802 ove
616 764 745 803 vicini
767 764 993 816 pauperis;
1027 764 1081 803 de
1100 765 1259 804 marito
1280 773 1429 805 autem

123 818 325 858 mulieris
358 819 621 868 interemto,
658 818 743 858 hoc
771 824 860 868 est,
895 819 949 859 de
975 821 1073 872 ipso
1098 832 1315 873 paupere,
1353 822 1427 873 qui

123 886 257 913 uuam
275 872 468 914 habebat
488 887 637 924 ovem,
667 877 818 915 occiso
832 905 842 923 ‚
876 888 962 914 non
992 880 1060 915 est
1078 888 1156 927 per
1175 876 1428 916 similitudi-

124 941 224 969 nem
244 931 550 983 interrogatus
570 930 736 980 David,
766 931 876 970 utin
902 931 1047 970 solum
1070 932 1339 971 adulterium
1366 932 1428 971 di-

126 992 250 1025 ceret
268 986 538 1025 seutentiam
558 987 858 1026 damnationis
877 999 1000 1026 suae.
1059 987 1127 1026 Ex
1147 1000 1233 1040 quo
1264 987 1428 1026 intelli-

125 1041 265 1094 gitur,
295 1047 460 1093 quauta
477 1043 776 1095 temperantia
795 1042 957 1081 multas
978 1042 1187 1082 mulieres
1207 1042 1429 1089 habuerit,

125 1097 302 1149 quando
324 1097 378 1136 de
398 1110 499 1146 una,
519 1099 564 1137 in
584 1110 671 1150 qua
689 1099 886 1137 excessit
905 1099 1098 1146 modum,
1127 1111 1151 1137 a
1169 1111 1216 1138 se
1235 1099 1332 1151 ipso
1356 1113 1431 1152 pu-

124 1153 211 1192 niri
231 1158 414 1192 coactus
439 1158 520 1192 est.
563 1153 652 1193 Sed
671 1153 713 1192 in
732 1155 820 1193 isto
842 1154 937 1191 viro
959 1155 1280 1193 immoderatae
1301 1153 1430 1193 huius

125 1208 327 1248 libidinis
345 1221 430 1248 uon
447 1209 716 1261 permansio,
739 1209 818 1248 sed
834 1210 1047 1248 transitus
1061 1209 1160 1249 fuit.
1182 1210 1432 1262 Propterea

127 1266 261 1304 etiam
299 1265 353 1303 ab
378 1270 594 1317 arguente
630 1263 850 1318 propheta
882 1265 958 1304 ille
993 1265 1178 1304 illicitus
1204 1265 1431 1317 adpetitus

125 1318 291 1372 hospes
311 1326 497 1360 vocatus
517 1326 599 1360 est.
660 1319 757 1360 Non
780 1321 896 1359 euim
918 1321 1054 1366 dixit,
1080 1333 1178 1359 eum
1208 1323 1307 1374 regi
1333 1334 1431 1369 suo,

125 1376 206 1415 sed
231 1375 398 1428 hospiti
419 1388 499 1415 suo
526 1376 663 1415 ricini
689 1379 896 1429 pauperis
926 1388 1053 1415 orem
1081 1376 1133 1415 ad
1162 1377 1432 1429 epulandum

126 1430 401 1471 exhibuisse.
442 1433 496 1470 At
513 1444 620 1471 vero
641 1433 684 1471 iu
706 1432 801 1471 eius
822 1432 914 1470 filio
936 1431 1176 1471 Salomone
1197 1446 1284 1471 nou
1304 1432 1432 1485 quasi

124 1485 290 1539 hospes
310 1488 547 1527 transitum
568 1486 737 1537 habuit,
758 1487 836 1526 sed
856 1500 1040 1540 regnum
1060 1489 1148 1527 ista
1169 1488 1308 1527 libido
1331 1501 1429 1541 pos-

123 1543 257 1582 sedit.
320 1542 386 1582 De
412 1556 499 1596 quo
535 1544 760 1595 scriptura
792 1558 880 1582 nou
913 1544 1075 1592 tacuit,
1109 1544 1294 1595 culpans
1329 1555 1428 1582 eum

121 1597 265 1638 fuisse
287 1603 531 1639 amatorem
551 1599 806 1649 mulierum3
841 1600 965 1638 cuius
990 1604 1137 1638 tamen
1166 1599 1296 1638 initia
1313 1599 1429 1638 desi-

122 1654 249 1694 derio
271 1654 519 1707 sapientiae
538 1653 852 1707 flagraverant,
869 1667 998 1707 quam
1019 1667 1150 1706 quum
1170 1666 1322 1694 amore
1342 1654 1427 1707 spi-

119 1710 244 1749 ritali
263 1710 452 1761 adeptus
473 1716 608 1757 esset,
633 1722 785 1749 amore
802 1710 969 1750 carnali
992 1710 1208 1759 amisit.2)

178 1765 224 1803 C.
245 1765 387 1805 XXII.
421 1765 540 1818 Ergo
561 1778 827 1818 quamquam
847 1766 995 1804 omnia
1015 1766 1084 1804 vel
1103 1777 1242 1817 paene
1262 1764 1424 1812 omnia,

121 1833 236 1874 quae
260 1821 303 1859 in
329 1821 495 1860 veteris
519 1821 779 1860 testamenti
803 1821 930 1860 libris
960 1827 1090 1874 gesta
1125 1822 1423 1866 continentur,

119 1888 211 1915 nou
241 1876 387 1915 solum
417 1877 614 1929 proprie,
652 1876 733 1916 sed
767 1877 901 1916 etiam
937 1877 1127 1929 figurate
1164 1875 1426 1927 accipienda

121 1932 226 1981 sint,
255 1938 403 1971 tamen
423 1932 558 1971 etiam
578 1932 671 1981 illa,
690 1944 803 1984 quae
822 1933 1001 1985 proprie
1022 1932 1166 1971 lector
1183 1932 1423 1983 acceperit,

123 1988 161 2027 si
184 1988 356 2027 laudati
375 1993 477 2026 sunt
495 1988 576 2036 illi,
603 1989 677 2040 qui
697 1999 751 2026 ea
767 1986 988 2034 fecerunt,
1015 1987 1092 2025 sed
1114 1999 1166 2025 ea
1186 1992 1331 2025 tamen
1353 1985 1424 2024 ab·

123 2041 311 2082 horrent
330 2056 354 2082 a
373 2044 700 2082 cousuetudine
721 2043 954 2090 bonorum,
976 2044 1047 2094 qui
1069 2051 1168 2094 post
1187 2042 1424 2080 adrentum

175 2175 208 2215 l)
236 2174 293 2207 (If.
312 2178 331 2206 ‘3
351 2174 445 2207 Sam.
473 2180 524 2214 ll,
557 2179 606 2209 14.
631 2187 677 2208 ss.
712 2178 762 2214 1⁴2,
790 2178 819 2207 1.
844 2185 892 2208 55.
942 2174 1275 2217 2)Cf.1i{eg.11‚
1296 2178 1323 2205 l.
1342 2185 1368 2205 s.
1390 2178 1426 2206 et

126 2224 145 2253 ‘2
165 2221 300 2253 Cin-011.
326 2225 351 2259 Ι,
375 2225 424 2253 10.
