1503 2465
301 60 698 102 ENCHlRlDlON
727 62 804 102 AD
837 63 1129 104 LAURENT.
1298 66 1375 106 199

55 160 118 197 se,
139 146 219 187 sed
237 146 280 186 in
299 146 433 186 nobis
455 147 767 195 constitutum,
789 147 1084 188 similitudine
1105 149 1252 188 carnis
1272 162 1372 202 pec-

58 203 159 252 cati,
179 204 222 242 in
238 215 324 255 qua
344 203 586 241 crucifixus
609 209 692 251 est,
713 203 992 242 (lemonstrai
1009 205 1056 252 it,
1076 211 1138 253 ut,
1159 206 1372 257 quoniam

55 265 288 312 peecatum
319 258 358 297 ei
386 271 475 297 non
499 258 666 307 inerat,
704 259 767 297 ita
799 259 992 312 quodam
1023 260 1159 299 modo
1181 267 1369 313 peccato

55 320 320 362 moreretur,
343 314 444 353 dum
464 315 657 353 moritur
675 315 814 364 carni,
836 315 880 353 in
897 328 982 368 qua
1002 322 1099 355 erat
1118 317 1368 357 similitudo

56 372 244 423 peccati,
278 376 323 409 et
341 383 475 422 quum
495 370 740 410 secundum
760 376 1031 410 vetustatem
1052 373 1226 424 peccati
1249 386 1369 412 num-

57 440 184 479 quam
205 428 300 479 ipse
321 427 533 475 vixisset,
560 432 759 466 nostram
781 438 836 466 ex
853 433 999 467 morte
1021 429 1184 477 veteri,
1215 441 1301 481 qua
1324 429 1370 467 in

56 489 242 535 peccato
270 484 435 521 mortui
462 481 712 531 fueramus,
747 483 1094 523 reviviscentem
1119 484 1257 523 vitam
1291 498 1369 524 no-

59 552 150 578 vam
171 551 252 578 sua
270 539 609 578 resurrectione
629 540 846 592 signaret.
868 541 903 588 l)

111 594 155 633 C.
193 594 330 633 XLII.
392 594 540 646 Ipsum
573 600 662 643 est,
707 595 826 647 quod
866 595 910 634 in
945 595 1076 635 nobis
1112 595 1372 635 celebratur

54 663 260 703 magnum
279 650 566 704 baptismatis
586 656 934 700 sacramentum,
956 658 1004 692 ut
1024 653 1293 704 quicumque
1313 652 1371 692 ad

52 708 184 746 istam
220 707 446 760 pertinent
479 707 693 759 gratiam,
729 707 980 747 moriantur
1005 713 1217 761 peccato,
1251 708 1370 748 sicut

53 763 150 814 ipse
171 769 356 814 peceato
377 770 580 801 mortuus
596 762 775 811 (licitur,
795 763 899 815 quia
917 770 1119 804 mortuus
1140 769 1209 804 est
1229 764 1370 814 carni,

54 817 141 858 hoc
163 826 252 867 est,
277 819 452 871 peccati
474 818 784 865 similitudini,
813 824 856 858 et
875 820 1026 860 vivant
1045 833 1069 859 a
1093 820 1276 859 lavacro
1301 832 1370 859 re-

54 876 305 923 nascendo,
333 875 565 926 sicutipse
587 875 836 926 asepulcro
853 877 1155 929 resurgendo,
1181 876 1370 929 quamli-

54 930 134 970 bet
155 932 360 983 corporis
380 936 574 969 aetatem
596 937 769 983 gerant.

114 987 161 1026 C.
183 987 340 1026 ΧΙΛΙΙ.
400 987 431 1026 A
459 987 650 1040 parvulo
680 988 797 1026 enim
827 999 984 1027 recens
1011 994 1115 1027 nato
1146 1000 1286 1041 usque
1316 987 1372 1029 ad

58 1042 337 1095 decrepitum
370 1055 548 1091 senem,
586 1044 704 1082 sicut
737 1043 885 1082 nullus
921 1049 990 1082 est
1015 1043 1322 1096 prohibendus
1349 1056 1375 1083 a

56 1098 298 1152 baptismo,
318 1099 381 1138 ita
398 1099 546 1138 nullus
566 1104 655 1148 est,
682 1101 755 1152 qui
777 1113 863 1138 non
883 1106 1070 1152 peccato
1092 1101 1311 1140 moriatur
1328 1100 1374 1140 in

56 1156 296 1207 baptismo.
360 1155 449 1195 Sed
484 1155 656 1207 parvuli
691 1162 865 1194 tantum
901 1156 1135 1209 originali,
1179 1157 1374 1196 maiores

58 1217 206 1250 autem
228 1213 360 1251 etiam
382 1211 448 1250 eis
469 1211 675 1250 omnibus
701 1211 955 1251 moriuntur
979 1213 1180 1265 peccatis
1195 1243 1204 1260 ,
1241 1224 1375 1264 quae-

58 1279 247 1320 cumque
267 1267 382 1306 male
404 1267 594 1307 vivendo
615 1267 888 1306 addiderunt
907 1268 960 1307 ad
988 1268 1122 1317 illud,
1155 1269 1275 1321 quod
1302 1281 1375 1308 na-

56 1325 224 1363 scendo
247 1328 496 1362 traxerunt.

112 1380 158 1418 C.
184 1378 342 1418 XMV.
406 1378 495 1418 sed
522 1378 626 1417 ideo
657 1380 790 1418 etiam
820 1380 905 1432 ipsi
934 1386 1120 1431 peccato
1147 1381 1259 1419 mori
1281 1379 1374 1432 ple-

54 1447 242 1487 rumque
269 1435 497 1482 (licuntur,
534 1448 665 1487 quum
694 1437 853 1488 procul
879 1436 1014 1475 (lubio
1042 1450 1130 1475 non
1157 1437 1256 1485 uni,
1293 1435 1374 1475 sed

54 1492 208 1531 multis
231 1492 429 1544 peccatis
450 1491 746 1543 omnibusque
767 1492 1029 1539 moriantur,
1064 1504 1373 1545 quaecumque

54 1548 142 1587 iam
163 1548 346 1600 propria
366 1548 708 1595 commiserunt,
740 1548 811 1586 vel
832 1548 1134 1601 cogitatione,
1160 1549 1228 1587 vel
1252 1549 1374 1588 locu·

54 1604 202 1652 tione,
233 1603 301 1642 vel
327 1615 487 1655 opere;
521 1604 626 1655 quia
654 1606 787 1642 etiam
817 1616 896 1655 per
921 1604 1195 1656 singularem
1223 1617 1374 1644 nume-

54 1672 149 1698 rum
193 1659 379 1712 pluralis
423 1671 631 1697 numerus
676 1660 922 1712 significari
961 1661 1100 1709 solet,
1152 1661 1270 1700 sicut
1311 1663 1376 1700 ait

54 1715 207 1764 ille²):
233 1716 540 1767 „Uterumque
561 1723 734 1754 armato
757 1716 898 1755 milite
919 1717 1198 1769 complent;“
1222 1730 1373 1769 quam-

54 1772 121 1811 vis
149 1770 233 1810 lioo
258 1771 408 1811 multis
436 1770 654 1810 militibus
676 1772 881 1811 fecerint.
945 1772 998 1811 Et
1022 1773 1064 1811 in
1086 1775 1254 1812 nostris
1276 1774 1373 1812 lite-

54 1829 117 1866 ris
137 1827 306 1879 legitur
322 1827 382 1874 3):
406 1824 499 1866 Ora
520 1840 623 1878 ergo
644 1828 701 1866 ad
719 1826 970 1876 Dominum,
992 1835 1039 1867 ut
1056 1827 1235 1882 auferat
1253 1842 1278 1867 a
1298 1842 1372 1867 ηο-

55 1882 117 1923 bis
142 1891 394 1935 serpentem.
457 1881 554 1921 Non
586 1885 648 1922 ait
678 1890 934 1936 serpentes,
970 1898 1082 1936 quos
1117 1885 1374 1937 patiebatur

57 1940 270 1991 populus,
316 1944 362 1978 ut
405 1936 491 1977 lioc
532 1938 726 1988 ‹liceret3
778 1945 822 1979 et
866 1941 1213 1979 innumerabilia
1246 1940 1370 1979 talia.

58 1996 202 2042 Quum
238 2007 342 2033 xero
376 2001 420 2033 e't
447 1994 557 2033 illud
584 1996 806 2048 originale
834 2009 968 2035 unum
996 1996 1157 2050 plurali
1185 2008 1370 2035 numero

108 2130 140 2169 l)
163 2128 220 2159 Cf.
242 2127 342 2159 Rom.
363 2129 400 2164 G,
426 2129 456 2158 3.
475 2139 524 2159 ss.
549 2132 584 2161 et
603 2130 634 2166 8,
663 2133 693 2162 3.
744 2130 781 2171 2)
802 2129 905 2171 Virg.
925 2128 1015 2162 Aen.
1036 2132 1075 2165 2.
1102 2133 1156 2164 20.
1209 2131 1245 2172 3)
1264 2129 1358 2163 Num

59 2179 113 2214 21,
134 2178 163 2207 ἶ.
183 2174 229 2207 cf.
249 2174 406 2216 interpr.
428 2173 551 2208 Lxx.
