1503 2465
211 126 292 167 DE
324 123 632 166 DOCTRINA
663 124 894 167 CHRIST.
956 125 1067 165 LIB.
1102 126 1155 166 ll.
1289 125 1341 167 63

29 215 147 254 tium
174 211 342 251 collata
362 223 458 249 cum
480 209 718 262 evangelio
739 209 955 262 liquidius
976 211 1234 264 certiusque
1255 211 1348 250 col-

32 270 206 323 ligitur.
232 268 359 305 'l'unc
379 266 496 304 enim
513 265 740 305 videbitur
753 278 841 305 non
858 264 1028 306 frustra
1044 279 1145 306 esse
1164 268 1347 316 dictum,

32 323 155 379 quod
171 321 473 375 quadraginta
487 332 567 360 sex
585 321 713 360 annis
732 321 944 374 templum
965 321 1253 362 aedificatum
1272 323 1347 372 sit,

33 386 83 421 ut
102 391 235 433 quum
254 377 417 417 referri
433 377 521 416 iste
541 388 751 416 numerus
772 377 828 416 ad
846 382 1038 417 aetatem
1060 377 1241 417 Domini
1260 391 1349 418 non

35 435 257 489 potuerit,
296 433 351 472 ad
372 432 670 472 secretiorem
687 432 1032 473 instructionem
1052 432 1232 473 humani
1252 446 1349 473 cor-

36 490 162 545 poris
181 488 518 541 referatur,quo
530 487 657 527 indui
676 493 861 541 propter
877 501 960 529 nos
977 502 1064 529 non
1078 489 1348 543 dedignatus

40 551 110 588 cst
127 546 287 585 unicus
305 543 392 583 Dei
413 544 547 594 filius,
568 555 649 596 per
666 557 797 597 quem
814 543 936 584 facta
955 550 1057 585 sunt
1077 547 1239 585 omnia.
1279 545 1349 585 De

40 602 237 643 utilitate
257 605 406 640 autem
426 598 662 650 historiae,
687 605 735 639 ut
755 600 957 640 omittam
978 600 1196 651 Graecos,
1216 614 1352 655 quan-

40 664 133 699 tam
151 655 579 696 nosterAmbrosius
592 657 906 709 quaestionem
925 656 1061 696 solvit
1079 657 1352 697 calumnian-

41 713 163 754 tibus
183 711 388 751 Platonis
408 711 656 751 lectoribus
677 717 722 751 et
746 711 1066 761 dilectoribus,
1103 714 1180 765 qui
1197 712 1352 753 dicere

41 769 268 816 ausisunt,
284 778 439 806 omnes
452 766 633 806 Domini
645 766 1353 818 nostrilesuChristisententias,

42 836 152 878 quas
171 823 325 864 mirari
345 828 390 862 et
406 822 670 875 praedicare
687 828 924 876 coguntur,
943 823 997 863 de
1008 822 1212 864 Platonis
1226 824 1354 864 libris

43 892 144 920 eum
164 879 395 927 didicisse,
423 877 635 931 quoniam
654 878 790 932 longe
811 883 914 918 ante
935 877 1174 919 humanum
1193 880 1355 921 adven-

41 941 136 976 tum
170 934 354 974 Domini
395 933 632 973 Platonem
672 932 815 974 fuisse
856 935 1015 988 negari
1054 947 1144 975 non
1181 936 1353 988 potest!

42 991 204 1032 Nonne
236 995 512 1030 memoratus
557 990 797 1042 episcopus
836 990 1126 1031 considerata
1164 990 1358 1032 historia

43 1047 259 1100 gentium,
279 1058 411 1098 quum
430 1046 676 1097 reperisset
695 1045 932 1086 Platonem
952 1046 1169 1087 ieremiae
1187 1053 1358 1100 tempo-

42 1103 126 1142 bus
154 1100 404 1155 profectum
430 1099 572 1140 fuisse
598 1101 643 1140 in
665 1101 916 1155 Aegyptum
940 1104 993 1152 ¹),
1039 1103 1114 1143 ubi
1139 1102 1361 1156 propheta

42 1158 123 1198 ille
144 1163 250 1198 tunc
269 1162 380 1205 erat,
415 1156 693 1208 probabilius
714 1169 814 1197 esse
835 1158 1050 1207 ostendit,
1085 1159 1204 1212 quod
1227 1159 1359 1199 Plato

0 1230 1 1233 ¹
43 1214 198 1268 potius
233 1213 403 1252 nostris
431 1212 575 1252 literis
601 1224 681 1265 per
704 1213 940 1253 Ieremiam
974 1213 1114 1254 fuerit
1146 1215 1358 1263 imbutus,

45 1275 94 1309 ut
116 1269 198 1309 illa
221 1273 380 1321 posset
399 1267 564 1307 docere
589 1268 661 1307 vel
684 1269 883 1308 scribere
910 1282 1023 1322 quae
1053 1270 1150 1310 iure
1175 1271 1359 1310 laudan-

44 1324 143 1366 turCl
186 1325 299 1363 Ante
325 1324 480 1363 literas
506 1323 622 1363 enim
648 1325 796 1377 gentis
824 1325 1158 1374 Hebraeorum,
1195 1327 1239 1365 in
1273 1339 1361 1380 qua

45 1381 178 1421 unius
196 1380 279 1419 Dei
299 1379 446 1419 cultus
465 1379 662 1427 emicuit,
676 1392 731 1419 ex
741 1393 828 1433 qua
838 1381 1084 1421 secundum
1095 1394 1275 1422 carnem
1288 1395 1358 1422 ve-

43 1436 340 1476 nitDominus
360 1439 530 1482 noster,
548 1447 630 1474 nec
648 1437 744 1488 ipse
755 1436 935 1487 quidem
950 1435 1235 1489 Pythagoras
1256 1437 1357 1486 fuit,

44 1505 71 1531 a
98 1492 225 1531 cuius
251 1490 448 1544 posteris
474 1489 710 1529 Platonem
735 1489 1017 1544 theologiam
1040 1492 1256 1533 didicisse
1282 1494 1359 1533 isti

44 1547 276 1587 adserunt.
335 1545 402 1584 lta
420 1545 721 1586 consideratis
739 1547 1017 1600 temporibus
1037 1548 1085 1587 fit
1104 1549 1243 1589 multo
1265 1562 1358 1589 cre-

44 1602 243 1650 dibilius,
265 1604 379 1642 istos
400 1601 550 1653 potius
565 1601 619 1640 de
636 1602 780 1642 literis
796 1603 963 1643 nostris
980 1602 1208 1654 hahuisse,
1224 1617 1357 1658 quae-

46 1669 235 1711 cumque
254 1658 375 1697 bona
392 1661 437 1697 et
454 1668 562 1696 vera
580 1657 803 1707 dixerunt,
824 1671 954 1712 quam
976 1659 1030 1699 de
1047 1659 1254 1700 Platonis
1267 1660 1357 1701 Do-

46 1714 212 1754 minum
244 1713 391 1753 lesum
425 1710 672 1762 Christum,
713 1714 830 1766 quod
866 1714 1252 1756 dementissimum
1289 1722 1359 1757 est

47 1769 249 1809 credere.
310 1768 582 1808 Narratione
603 1773 751 1808 autem
771 1767 989 1810 historica
1008 1784 1140 1824 quum
1160 1778 1358 1826 praeter-

46 1826 112 1864 ita
147 1825 281 1864 etiam
316 1823 545 1864 hominum
578 1823 786 1864 instituta
819 1833 1077 1875 narrantur,
1119 1841 1207 1867 non
1240 1829 1360 1873 inter

49 1879 241 1920 humana
260 1881 468 1919 instituta
492 1879 591 1932 ipsa
615 1878 807 1919 historia
831 1883 1107 1922 numeranda
1130 1890 1220 1933 est3
1256 1885 1360 1937 quia

46 1937 135 1975 iam
148 1948 262 1988 quae
282 1936 573 1983 transierunt,
594 1947 676 1975 nec
697 1935 866 1976 infecta
882 1937 978 1977 fieri
1000 1945 1203 1990 possunt,
1224 1939 1268 1978 in
1289 1952 1357 1978 or-

48 1991 152 2032 dine
181 1997 434 2042 temporum
463 1989 669 2030 habenda
692 1997 812 2041 sunt,
846 2005 1034 2045 quorum
1059 2000 1128 2034 est
1146 1995 1358 2035 conditor

48 2053 93 2086 et
112 2047 447 2086 administrator
464 2045 603 2085 Deus.
642 2047 772 2088 Aliud
792 2054 862 2088 est
880 2049 997 2088 enim
1015 2048 1138 2089 faeta
1156 2063 1355 2101 narrare,

48 2102 171 2143 aliud
187 2102 351 2141 docere
372 2100 594 2142 facienda.
622 2103 830 2143 Historia
848 2103 969 2144 facta
987 2112 1140 2145 narrat
1159 2106 1355 2147 fideliter

99 2223 132 2262 l)
154 2219 259 2251 Hunc
276 2228 432 2252 errorem
451 2219 532 2262 ipse
550 2220 713 2253 correxit
730 2219 822 2262 Aug.
840 2225 988 2254 retract.
1007 2226 1037 2260 ‘.‘,
1056 2225 1088 2254 4.
