1503 2465
138 123 191 164 50
494 116 729 158 AURELII
759 114 1075 155 AUGUSTIM

141 206 363 258 scriptura
380 204 629 251 consuevit,
655 201 720 240 sic
739 200 996 253 ignorantia
1014 197 1329 237 nonnullorum
1349 197 1439 235 ani-

141 262 346 310 malium,
380 270 493 313 quae
518 270 605 297 non
630 258 774 296 minus
803 267 882 308 per
905 253 1223 294 similitudines
1249 263 1440 291 comme-

141 323 303 365 morat,
323 314 509 368 impedit
527 313 764 365 plurimum
785 310 1132 350 intellectorem.
1146 309 1184 359 1)
1237 307 1311 348 Sic
1333 307 1442 360 lapi-

147 374 267 422 dum,
289 372 354 411 sic
375 370 626 416 herbarum,
645 367 717 406 vel
736 377 1040 419 quaecumque
1059 369 1269 404 tenentur
1284 363 1448 402 radici-

145 429 244 468 bus.
302 426 416 466 Nam
441 430 485 464 et
503 422 761 463 carbunculi
780 421 963 470 notitia,
986 419 1106 473 quod
1123 419 1246 459 lucet
1262 419 1306 457 in
1324 424 1449 457 tene-

146 485 261 532 bris,
294 482 433 522 multa
455 479 678 520 illuminat
701 478 836 516 etiam
862 477 1053 516 obscura
1084 474 1320 523 librorum,
1354 474 1451 513 ubi·

150 550 338 591 cumque
358 541 541 590 propter
559 532 897 573 similitudinem
911 534 1110 585 ponitur3
1131 536 1175 570 et
1192 528 1452 583 ignorantia

149 595 301 634 berilli
314 593 386 633 vel
402 590 650 631 adamantis
666 588 834 628 claudit
846 587 1103 640 plerumque
1118 584 1450 637 intelligentiae

149 650 290 690 fores.
348 647 444 688 Nec
467 646 599 685 aliam
625 644 680 684 ob
705 655 908 684 caussam
928 642 1062 683 facile
1087 646 1156 682 est
1178 640 1451 692 intelligere,

151 717 307 760 pacem
326 707 586 757 perpetuam
605 699 851 753 significari
870 699 998 738 oleae
1016 697 1271 738 ramusculo
1287 725 1297 744 ‚
1323 706 1454 747 quem

152 761 333 802 rediens
354 759 410 799 ad
430 770 576 797 arcam
606 755 812 796 columba
831 754 1013 807 pertulit
1023 755 1078 803 2),
1106 752 1193 792 nisi
1211 751 1315 804 quia
1331 749 1454 790 novi-

153 830 273 866 mus,
301 821 346 855 et
375 815 465 854 olei
488 813 634 852 lenem
659 816 914 850 contactum
940 822 1029 849 non
1047 808 1182 848 facile
1201 807 1349 847 alieno
1377 804 1455 844 hu-

154 884 280 913 more
302 870 546 920 corrumpi,
574 874 618 908 et
636 866 841 906 arborem
860 866 1002 917 ipsam
1021 863 1234 904 frondere
1251 860 1454 915 perenni-

155 936 240 968 ter.
284 926 417 966 Multi
434 931 582 964 autem
603 928 786 975 propter
803 921 1102 974 ignorantiam
1126 917 1326 972 hyssopi,
1352 916 1456 956 dum

157 983 363 1024 nesciunt
388 993 516 1034 quam
544 980 629 1018 vim
659 977 839 1024 habeat,
875 977 947 1016 vel
979 976 1035 1015 ad
1062 973 1337 1028 purgandum
1362 971 1455 1024 pul-

157 1051 351 1086 monem,
383 1036 452 1076 vel
471 1041 518 1074 ut
539 1035 701 1074 dicitur
720 1033 776 1072 ad
793 1044 902 1072 saxa
921 1032 1148 1071 radicibus
1168 1028 1457 1082 penetranda,

161 1108 295 1148 quum
318 1093 377 1133 sit
401 1090 540 1131 herba
562 1090 710 1129 brevis
740 1094 874 1140 atque
894 1087 1095 1135 humilis,
1135 1086 1313 1126 omnino
1338 1084 1459 1122 inve-

160 1153 257 1191 nire
290 1161 377 1188 non
412 1151 619 1200 possunt,
652 1156 788 1197 quare
824 1145 882 1183 sit
906 1145 1094 1184 dictum:
1130 1141 1370 1193 Adsperges
1396 1150 1461 1176 me

162 1206 365 1259 ItyssopO,
403 1209 445 1242 et
465 1200 771 1249 mundabor.³)
831 1199 1127 1239 Numerorum
1162 1197 1297 1236 etiam
1323 1195 1461 1245 impe-

160 1262 267 1301 ritia
288 1259 427 1299 multa
454 1256 562 1296 facit
589 1269 678 1296 non
706 1255 923 1307 intelligi,
957 1254 1175 1294 translate
1201 1264 1252 1291 ac
1270 1251 1460 1303 mystice

160 1317 312 1370 posita
336 1315 380 1353 in
409 1312 655 1364 scripturis.
714 1311 945 1364 Ingenium
965 1310 1146 1363 quippe,
1183 1312 1232 1347 ut
1259 1308 1322 1346 ita
1338 1306 1460 1345 dixe-

160 1373 256 1420 rim,
270 1372 510 1423 ingenuum
529 1380 615 1407 non
635 1371 786 1420 potest
804 1379 891 1406 non
912 1367 1096 1413 moveri,
1111 1363 1219 1417 quid
1236 1362 1319 1402 sibi
1336 1360 1460 1407 velit,

161 1428 283 1481 quod
302 1432 346 1466 et
364 1425 572 1477 Moyses,
603 1429 647 1462 et
664 1422 808 1471 Elias,
845 1428 888 1461 et
914 1423 1011 1474 ipse
1031 1421 1248 1460 Dominus
1273 1418 1458 1470 quadra-

163 1485 288 1538 ginta
306 1481 462 1521 diebus
486 1476 869 1527 ieiunave1·unt.¹¹)
930 1478 1065 1516 Cuius
1086 1474 1279 1515 actionis
1299 1474 1460 1526 figura-

161 1546 234 1580 tus
270 1536 448 1591 quidem
480 1534 623 1574 nodus
657 1534 743 1573 nisi
772 1532 901 1572 huius
929 1532 1100 1572 numeri
1127 1529 1387 1583 cognitione
1415 1532 1460 1564 et

163 1591 527 1635 consideratione
568 1602 657 1629 non
699 1589 903 1628 solvitur.
974 1587 1126 1627 Habet
1167 1585 1284 1625 enim
1326 1583 1459 1622 dena-

160 1651 273 1690 rium
308 1652 464 1702 quater
496 1650 720 1697 tamquam
753 1644 1058 1697 cognitionem
1085 1641 1278 1681 omnium
1311 1649 1459 1678 rerum

159 1707 376 1745 intextam
393 1701 685 1753 temporibus.
748 1699 1046 1747 Quaternario
1068 1708 1256 1748 namque
1275 1704 1458 1734 numero

163 1767 208 1801 et
226 1761 383 1799 diurna
402 1762 445 1796 et
464 1769 608 1795 annua
629 1755 855 1795 curricula
869 1759 1162 1807 peraguntur:
1197 1751 1356 1791 diurna
1370 1761 1460 1788 ma-

161 1817 342 1864 tutinis,
372 1811 651 1861 meridianis,
675 1810 944 1862 vespertinis
979 1808 1298 1859 nocturnisque
1333 1804 1460 1843 hora-

161 1885 259 1912 rum
283 1870 461 1923 spatiis3
496 1879 642 1906 annua
658 1867 828 1916 vernis,
862 1865 1072 1913 aestivis,
1105 1859 1461 1902 auctumnalibus

164 1926 536 1980 hyemalibusque
569 1922 814 1961 mensibus.
871 1922 906 1960 A
937 1926 1188 1971 temporum
1213 1921 1359 1956 autem
1388 1915 1460 1954 de-

163 1984 427 2028 lectatione,
464 1978 567 2018 dum
585 1979 632 2017 in
649 1976 925 2030 temporibus
944 1976 1131 2015 vivimus
1144 2003 1155 2023 ,
1187 1977 1370 2026 propter
1388 1982 1460 2009 ae-

216 2118 248 2158 1)
269 2142 291 2156 „
305 2116 347 2149 In
363 2114 538 2156 vulgatis:
564 2117 747 2149 lectorem.
796 2113 845 2146 At
862 2115 899 2146 in
918 2114 1023 2146 Mss.:
1048 2111 1347 2145 z·ntellecc0rem.“
1373 2109 1461 2141 Ben.

167 2161 204 2205 2)
226 2163 316 2196 Gen.
336 2166 366 2200 8,
389 2166 440 2194 ll.
486 2162 522 2203 3)
548 2162 610 2194 Ps.
635 2164 689 2201 50,
708 2163 741 2194 9.
769 2171 840 2194 sec.
859 2158 981 2192 LXX.
1029 2160 1066 2200 4)
1095 2158 1152 2191 Cf.
1178 2156 1298 2190 Exod.
1323 2157 1378 2193 24,
1409 2157 1460 2186 18.

170 2214 185 2242 1
205 2210 290 2251 neg.
314 2211 363 2248 19,
383 2211 415 2241 8.
448 2208 536 2242 Mat.
553 2211 584 2246 4,
602 2211 631 2241 2.
