1503 2465
213 107 294 148 DE
323 103 632 148 DOCTRINA
662 103 894 146 CHRIST.
955 103 1068 144 Llss.
1102 102 1177 146 IV.
1275 102 1353 143 139

39 193 263 247 largiente
289 191 335 231 in
361 190 578 230 docendis
598 189 734 229 etiam
753 189 864 242 ipsis
885 188 1152 229 doctoribus
1170 200 1260 228 non
1279 188 1354 228 de-

40 250 147 290 bere
179 259 384 294 cessare3
421 251 466 286 et
498 250 648 284 tamen
672 257 818 297 neque
844 245 918 297 qui
944 245 1118 297 plantat
1149 256 1250 284 esse
1275 243 1355 283 ali-

43 305 170 358 quid,
206 315 348 356 neque
376 304 451 355 qui
476 301 616 354 rigat,
650 299 729 340 sed
755 300 901 340 Deum
928 301 1003 354 qui
1030 301 1357 340 incrementum

44 361 144 401 dat!
162 363 199 410 ¹)
233 358 359 398 Unde
388 358 500 409 ipsis
529 368 709 409 quoque
734 356 955 396 ministris
978 357 1146 396 sanctis
1168 355 1357 396 homini-

42 418 151 466 bus,
187 415 260 454 vel
292 415 430 454 etiam
465 412 634 453 sanctis
667 412 842 465 angelis
878 412 1170 465 operantibus
1204 424 1357 451 nemo

45 483 199 513 recte
235 470 426 518 discit,
473 480 609 521 quae
651 468 937 520 pertinent
973 467 1035 507 ad
1070 467 1360 508 vivendum

48 541 159 568 cum
181 526 319 573 Deo,
354 524 462 565 nisi
492 523 592 563 fiat
616 536 642 562 a
666 523 779 563 Deo
809 523 1011 563 docilis
1037 522 1173 574 Deo,
1203 524 1277 563 cui
1297 523 1360 564 di-

50 584 166 625 citur
182 583 228 621 in
245 581 418 635 psalmo
436 581 500 629 ²):
532 577 656 619 Doce
679 578 912 634 mefac-ere
940 580 1205 619 voluntatem
1226 586 1362 628 tuam,

51 637 253 693 quoniam
286 644 331 677 tzc
366 649 407 676 es
433 634 554 675 Deus
586 647 714 674 mens.
777 634 902 674 Unde
929 640 974 675 et
997 636 1082 689 ipsi
1115 634 1361 676 Timotheo

47 696 170 735 idem
188 693 298 734 d-icit
324 691 584 744 apostolus,
615 691 806 744 loquens
832 692 991 743 utique
1017 691 1072 731 ad
1092 691 1364 745 discipulum

54 752 216 792 doctor
230 751 269 800 3)
286 763 295 789 :
326 746 393 788 Τιι
413 754 557 787 autem
570 759 799 799 persevera
817 745 862 786 in
881 747 953 795 eis,
985 760 1094 800 qaae
1112 746 1303 787 didicisti
1325 753 1368 786 et

51 806 216 847 credita
239 812 340 844 stent
365 803 466 853 tibi,
501 802 636 842 sciens
662 815 688 842 α
712 816 793 855 quo
818 801 1030 842 didiceris.
1094 802 1223 844 Sicut
1247 803 1365 842 enim

52 862 258 916 corporis
281 860 634 906 medicamenta,
671 870 785 911 quae
808 856 1063 899 hominibus
1088 859 1143 898 ab
1177 857 1367 899 hornini-

50 919 134 959 bus
164 916 454 965 adhibentur,
490 928 578 954 non
609 916 695 954 nisi
721 916 786 954 eis
814 920 1024 966 prosunt,
1061 915 1222 968 quibus
1241 914 1366 954 Deus

54 979 268 1028 operatur
295 971 511 1020 salutem,
548 970 624 1022 qui
659 975 704 1009 et
738 970 834 1009 sine
868 970 959 1010 illis
995 971 1167 1010 mederi
1198 975 1367 1023 potest,

55 1043 188 1083 quum
209 1029 305 1069 sine
324 1029 424 1081 ipso
442 1026 522 1065 illa
541 1038 629 1065 non
648 1026 838 1078 possint,
860 1032 1065 1066 ettamen
1082 1025 1368 1073 adhibentur,

57 1092 103 1126 et
121 1086 160 1125 si
179 1083 264 1124 hoc
285 1084 486 1123 officiose
508 1082 606 1130 fiat,
632 1082 751 1120 inter
772 1094 911 1135 opera
937 1082 1278 1122 misericordiae
1299 1082 1372 1121 vel

54 1140 385 1181 beneficentiae
401 1138 659 1192 deputatur:
690 1138 753 1176 ita
772 1143 816 1177 et
835 1138 1153 1178 adiumenta
1174 1138 1370 1178 doctri-

57 1209 154 1238 nae
181 1203 307 1236 tunc
333 1198 557 1248 prosunt
581 1195 786 1233 animae
813 1192 1061 1233 adhibita
1087 1206 1177 1247 per
1206 1193 1374 1233 homi-

57 1265 192 1301 nem,
220 1264 372 1304 quum
399 1250 540 1294 Deus
566 1254 820 1302 operatur
848 1255 902 1289 ut
928 1252 1160 1303 prosint,
1196 1251 1271 1303 qui
1297 1262 1374 1302 po-

59 1311 146 1348 tuit
181 1306 466 1360 evangelium
491 1305 597 1345 dare
626 1303 797 1345 homini
823 1305 957 1346 etiam
985 1317 1074 1345 non
1099 1305 1153 1347 ab
1185 1303 1375 1345 homini-

57 1364 166 1414 bus,
196 1375 340 1415 neque
360 1374 439 1416 per
457 1360 697 1401 hominem.

117 1420 164 1459 C.
190 1418 331 1459 XVn.
395 1417 495 1465 Qui
517 1429 643 1469 ergo
670 1416 867 1456 nititur
895 1416 1124 1456 dicendo
1157 1428 1375 1469 persua-

64 1475 191 1516 dere
234 1473 372 1528 quod
411 1474 602 1513 bonum
642 1478 750 1520 est,
809 1470 948 1511 nihil
990 1471 1176 1511 horum
1215 1472 1375 1511 trium

65 1542 345 1584 spernens,
377 1534 432 1568 ut
458 1528 679 1568 scilicet
705 1527 918 1577 doceat,
953 1534 1006 1567 ut
1037 1527 1297 1577 delectet,
1323 1533 1377 1568 ut

64 1586 285 1634 flectat,
312 1590 430 1625 oret
456 1590 613 1636 atque
643 1589 786 1635 agat,
813 1589 884 1632 ut,
913 1584 1286 1636 quemadmodum
1306 1596 1375 1622 su-

63 1639 424 1695 pradiximus4),
443 1638 1108 1691 intelligenter‚libenter
1127 1639 1375 1678 obedien-

64 1705 254 1751 terque
282 1696 546 1736 audiatur.
610 1695 760 1745 Quod
788 1708 937 1748 quum
963 1700 1084 1748 apte
1112 1700 1165 1735 et
1190 1707 1376 1735 conve-

66 1754 285 1793 nienter
320 1751 478 1799 facit,
519 1762 619 1790 non
658 1750 928 1790 immerito
968 1751 1228 1803 eloquens
1270 1750 1378 1790 dici

67 1814 269 1862 potest,
313 1807 415 1847 etsi
446 1818 547 1845 non
583 1818 696 1845 eum
721 1812 977 1859 sequatur
999 1806 1267 1846 auditoris
1291 1805 1378 1846 ad·

70 1876 272 1904 sensus.
331 1863 394 1902 Ad
416 1860 528 1901 haec
548 1861 664 1900 enim
683 1862 785 1910 tria,
804 1862 850 1902 id
869 1870 952 1911 est,
972 1867 1020 1902 ut
1039 1862 1218 1911 doceat,
1236 1864 1285 1901 ut
1303 1861 1378 1901 de-

68 1920 223 1969 lectet,
247 1923 296 1958 ut
314 1917 480 1966 flectat,
508 1917 643 1956 etiam
660 1918 748 1956 tria
765 1918 845 1957 illa
862 1918 1041 1957 ridetur
1061 1918 1288 1970 pertinere
1302 1929 1378 1956 vo-

73 1975 215 2015 luisse
230 1976 348 2015 idem
367 1975 462 2026 ipse
483 1972 671 2012 Romani
691 1978 850 2013 auctor
867 1973 1052 2027 eloquii,
1073 1987 1205 2026 quum
1222 1974 1380 2013 itidem

76 2031 263 2080 dixit⁵):
303 2029 389 2079 „Is
419 2030 590 2082 igitur
620 2029 723 2068 erit
748 2029 1031 2082 eloquens,
1060 2031 1149 2082 qui
1175 2030 1382 2082 poterit

130 2167 160 2204 Ι)
181 2164 238 2196 Cf.
263 2167 273 2195 Ι
299 2162 381 2194 (jor.
401 2165 433 2199 3,
454 2162 484 2192 7.
524 2161 741 2202 2)1’s.143‚
764 2164 816 2194 10.
855 2161 893 2204 3)
914 2165 933 2195 2
953 2161 1050 2195 Tim.
1072 2167 1102 2201 3,
1126 2165 1176 2194 14.
1212 2164 1250 2205 4)
1271 2162 1310 2195 C.
1333 2164 1381 2195 15.

78 2214 113 2256 5)
128 2212 202 2245 Cic.
222 2213 312 2244 orat.
332 2220 360 2242 c.
380 2211 435 2241 29.
456 2205 498 2241 cl.
517 2210 571 2239 21.
