1503 2465
304 99 698 143 ENCHIRIDION
728 99 804 140 AD
837 98 1128 139 LAURENT.
1294 95 1372 138 189

59 187 176 228 male
196 192 326 227 utens
346 185 482 226 homo
500 190 546 225 et
563 197 612 225 se
630 183 829 238 perdidit
847 189 892 223 et
910 183 1069 236 ipsum.
1105 181 1233 222 Sicut
1252 183 1370 221 enim

60 245 132 296 qui
154 255 202 282 se
223 242 402 290 oceidit,
422 242 577 294 utique
596 239 788 279 vivendo
809 252 856 279 se
878 239 1060 287 occidit,
1083 237 1161 277 sed
1183 250 1231 276 se
1253 238 1371 277 occi-

60 299 208 339 dendo
244 311 332 338 non
363 298 494 346 vivit,
530 308 612 336 nec
641 308 688 335 se
716 296 859 347 ipsum
885 295 1054 347 poterit
1082 293 1371 341 resuscitare,

62 367 196 409 quum
218 354 459 393 occiderit:
479 355 544 393 ita
561 365 694 405 quum
715 352 860 391 libero
879 356 1145 404 peccaretur
1164 349 1372 397 arbitrio,

60 411 234 449 victore
272 414 458 462 peccato
494 408 706 448 amissum
743 412 812 446 est
838 412 883 446 et
906 407 1096 446 liberum
1123 405 1370 444 arbitrium.

60 465 100 506 A
114 479 195 518 qno
217 464 429 517 enimqecis
440 463 628 502 devictas
647 470 720 509 est,
742 462 842 502 Ῐιιιίο
859 469 901 502 et
915 474 1059 501 servus
1079 460 1274 500 addictus
1294 467 1369 500 est.

60 521 187 561 Petri
205 526 326 560 certe
349 520 542 573 apostoli
566 525 634 558 est
652 519 742 557 ista
760 519 998 567 sententia.
1018 519 1054 566 ¹)
1093 517 1218 565 Quae
1238 529 1372 569 quum

58 589 168 616 vera
201 578 282 625 sit,
317 576 484 630 qualis,
521 588 712 628 quaeso,
748 580 900 626 potest
926 573 1042 612 servi
1069 572 1238 612 addicti
1270 583 1371 611 esse

58 633 263 679 libertas,
290 632 373 671 nisi
400 632 577 685 quando
600 643 698 669 enm
719 642 906 683 peceare
930 627 1152 668 delectat}
1187 627 1372 666 Libera-

58 688 166 728 liter
184 688 299 727 enim
320 688 481 736 servit,
513 688 586 740 qui
608 686 674 725 sni
697 685 863 726 domini
888 685 1162 724 voluntatem
1180 683 1375 722 libenter

60 743 185 783 facit.
244 744 306 783 Ac
333 755 412 795 per
435 741 521 782 hoc
547 742 602 781 ad
628 742 900 794 peccandum
929 741 1044 780 liber
1062 745 1146 788 est,
1176 740 1250 791 qui
1271 751 1372 791 pec.-

62 799 150 839 cati
176 811 332 838 servus
360 804 442 839 est.
503 798 628 838 Unde
656 798 708 836 ad
739 797 853 836 iuste
874 796 1129 835 faciendum
1150 795 1265 835 liber
1283 807 1373 834 non

62 856 172 903 erit,
207 855 295 895 nisi
324 866 350 893 a
372 860 562 907 peceato
586 854 805 893 liberatus
827 864 926 891 esse
944 852 1148 891 iustitiae
1169 850 1374 903 coeperit

63 923 235 951 servus.
302 909 403 964 lpsa
435 916 504 949 est
535 921 643 948 vera
674 909 861 948 libertas
898 914 1082 961 propter
1114 908 1226 946 recti
1265 906 1375 947 facti

62 966 361 1016 laetitiam2)‚
395 965 529 1005 simul
554 971 599 1005 et
621 965 696 1017 pia
719 965 911 1004 servitus
935 970 1119 1016 propter
1145 962 1374 1015 praecepti

65 1023 386 1063 obedientiam.
448 1021 538 1062 Sed
562 1021 619 1060 ad
643 1021 758 1060 bene
784 1020 1039 1060 faciendum
1073 1019 1162 1057 ista
1185 1018 1372 1057 libertas

62 1078 181 1118 unde
219 1078 305 1117 erit
338 1076 505 1117 homini
541 1076 723 1116 addicto
760 1082 803 1115 et
827 1075 1034 1123 vendito,
1071 1075 1157 1114 nisi
1182 1074 1375 1113 redimat

66 1135 193 1173 euius
212 1134 293 1172 illa
311 1146 398 1173 vox
426 1139 513 1172 est:
547 1132 596 1171 Si
618 1145 689 1172 vos
705 1131 829 1185 filius
854 1130 1120 1178 liberaverit,
1150 1136 1251 1169 teme
1277 1142 1374 1168 ‘rere

64 1189 189 1230 liberi
206 1189 408 1238 eritis?23)
444 1189 576 1237 Quod
600 1194 837 1241 antequam
865 1187 961 1226 fieri
984 1187 1028 1226 in
1056 1185 1236 1225 homine
1264 1185 1372 1225 inci-

64 1248 179 1300 piat,
207 1258 294 1299 quo
320 1244 453 1284 modo
475 1245 706 1297 quisquam
729 1245 782 1283 de
807 1243 951 1282 libero
977 1242 1165 1282 arbitrio
1192 1243 1234 1281 in
1252 1242 1373 1281 bono

65 1302 289 1355 gloriatur
309 1312 445 1353 opere
460 1331 469 1347 ‚
495 1301 570 1353 qui
589 1299 784 1339 nondum
802 1299 919 1339 liber
937 1304 1007 1338 est
1025 1298 1079 1337 ad
1100 1298 1376 1350 operandum

63 1357 198 1404 bene,
235 1357 319 1397 nisi
348 1368 395 1395 se
425 1369 538 1395 vana
565 1354 976 1408 superbiainssatus
998 1354 1207 1401 extollat,
1244 1365 1376 1405 quam

66 1411 250 1452 cohibet
275 1412 511 1466 apostolus
538 1411 712 1451 dicens:
749 1409 908 1450 Gratia
933 1408 1169 1464 salvifacli
1185 1408 1282 1449 estis
1294 1421 1376 1462 per

53 1467 270 1523 fidemffl)

123 1525 168 1563 C.
186 1523 351 1563 XXXI.
412 1523 468 1562 Et
491 1534 544 1562 ne
567 1522 709 1575 ipsam
737 1520 821 1561 sibi
847 1521 1006 1561 saltem
1032 1520 1161 1560 tidem
1188 1521 1253 1560 sic
1275 1518 1374 1573 [ho-

66 1578 228 1633 mines]
251 1586 533 1631 arrogarent,
552 1585 600 1617 ut
616 1590 703 1616 non
718 1577 1030 1629 intelligerent
1042 1576 1256 1616 divinitus
1273 1588 1374 1616 esse

65 1636 296 1683 donatam,
322 1636 439 1674 sicut
460 1635 577 1674 idem
596 1633 831 1686 apostolus
850 1633 940 1672 alio
971 1633 1074 1672 loco
1097 1633 1282 1682 dicit⁵)‚
1308 1643 1374 1680 se,

63 1697 112 1731 ut
130 1692 276 1731 fidelis
297 1696 432 1739 esset,
452 1689 808 1730 misericordiam
829 1694 1139 1735 consecutum3
1173 1686 1244 1727 hic
1264 1700 1372 1740 quo-

64 1759 149 1800 que
175 1747 380 1786 adiunxit
404 1751 536 1798 atque
563 1746 645 1784 ait:
678 1744 744 1783 Et
766 1744 846 1784 Ιιοο
871 1757 956 1783 non
973 1757 1024 1784 ex
1040 1742 1173 1791 vobis,
1197 1744 1271 1783 sed
1288 1741 1375 1782 Dei

63 1803 220 1841 donum
238 1810 330 1850 est;
362 1814 447 1841 mm
468 1814 518 1841 ex
542 1799 760 1853 operibus,
789 1799 981 1855 neforte
1007 1798 1098 1852 quis
1123 1800 1368 1840 extollatur.

61 1857 119 1897 Et
137 1869 190 1897 ne
210 1862 474 1910 putarentur
496 1856 704 1896 fidelibus
723 1856 842 1895 bona
863 1867 1001 1908 opera
1020 1850 1370 1903 defuturasrur·

62 1926 138 1953 sus
163 1913 347 1953 adiecit:
380 1912 519 1965 Ipsius
551 1912 662 1951 enim
692 1924 834 1951 snmus
848 1911 1131 1965 figmentmn‚
1168 1909 1307 1949 creati
1326 1908 1372 1948 in

67 1967 240 2008 Christo
259 1967 356 2008 Iesu
372 1968 417 2008 in
437 1967 635 2021 operibus
657 1967 791 2016 bonis,
814 1980 921 2021 quae
931 1965 1219 2020 praeparavit
1237 1963 1369 2013 Dens,

112 2107 145 2148 l)
166 2110 187 2139 2
205 2106 304 2139 l'etr.
325 2110 356 2144 2,
379 2109 430 2140 19.
464 2107 502 2148 2)
523 2105 586 2138 Sic
607 2105 698 2146 Am„
717 2107 793 2144 Er.‚
812 2106 918 2143 Dan„
938 2105 1037 2143 Arn„
1056 2103 1149 2142 Col„
1168 2104 1257 2136 Ben.
1284 2102 1372 2136 Ple-

64 2153 168 2195 rique
188 2153 288 2190 Mss„
309 2152 398 2186 Lov.
416 2159 453 2186 et
470 2153 605 2193 Lugd.:
630 2151 845 2197 rectefncti
862 2151 1059 2185 licentiam.
1110 2151 1147 2193 3)
1166 2150 1245 2183 loh.
1265 2154 1296 2188 8,
1315 2151 1370 2182 36.

67 2200 103 2242 4)
122 2198 218 2241 Eph.
237 2203 268 2237 2,
288 2202 320 2231 8.
338 2210 385 2232 ss.
436 2202 473 2242 ὃ)
498 2204 511 2233 l
533 2198 616 2232 Cor.
635 2201 665 2237 ¹1,
685 2202 741 2232 25.
