1503 2465
115 74 195 115 246
484 71 722 113 AURELII
751 72 1070 113 AUGUSTINI

118 161 214 198 sine
234 157 570 197 intermissione
590 160 834 209 perpetuos
856 154 1046 195 humano
1066 157 1337 196 miserantur
1355 153 1429 193 ad-

115 215 259 261 fectu,
287 220 420 265 atque
449 213 512 251 ita
537 211 734 250 futurum
758 223 858 250 esse
880 225 966 250 non
987 212 1194 262 credunt:
1226 224 1313 249 non
1334 211 1427 262 qui-

117 271 216 309 dem
238 268 473 320 scripturis
494 267 656 306 divinis
676 266 971 314 adversando,
1000 268 1079 307 sed
1098 280 1178 319 pro
1199 278 1280 305 suo
1300 272 1426 304 motu

118 326 230 364 dura
253 335 457 376 quaeque
485 322 755 370 molliendo,
792 326 837 361 et
867 323 911 361 in
949 323 1167 361 leniorem
1200 319 1425 360 flectendo

117 380 406 427 sententiam,
432 390 545 430 quae
571 382 729 430 putant
753 377 795 415 in
817 377 881 416 eis
899 378 1147 417 terribilius
1170 388 1270 416 esse
1290 375 1426 424 dicta,

116 448 246 488 quam
266 435 431 473 verius.
493 431 591 472 Non
613 433 728 472 enim
748 431 1035 482 obliviscetur,
1055 434 1276 486 inquiunt,
1303 429 1423 469 mise-

115 490 207 530 reri
222 488 341 529 Deus
354 519 363 537 ‚
392 495 471 528 aut
487 487 724 528 continebit
739 486 784 526 in
801 486 871 526 ira
887 501 964 527 sna
991 487 1287 528 miserationes
1311 498 1423 524 setas.

116 546 218 585 Hoc
238 546 416 598 quidem
435 544 480 582 in
499 544 670 596 psalmo
692 543 859 595 legitur
878 549 1050 583 sancto.
1069 544 1106 593 ¹)
1169 542 1256 582 Sed
1278 541 1331 580 de
1356 539 1425 580 his

116 602 214 639 sine
243 601 333 640 ullo
363 599 574 651 scrupulo
600 599 891 650 intelligitur,
929 600 1000 651 qui
1029 611 1136 638 vasa
1168 597 1425 636 misericor-

117 657 219 695 diae
254 654 639 707 nuncupantur2)‚
679 655 783 706 quia
817 660 862 693 et
892 656 974 706 ipsi
1012 668 1098 693 non
1139 666 1219 706 pro
1251 651 1425 691 meritis

118 712 227 760 suis,
247 711 325 750 sed
346 710 442 749 Deo
462 710 704 748 miserante
724 709 777 748 de
796 709 979 748 miseria
996 710 1257 748 liberantur.
1283 709 1369 746 Aut
1387 705 1426 745 si

120 767 205 806 boc
225 767 279 805 ad
296 777 450 805 omnes
471 765 732 804 existimant
748 765 990 816 pertinere,
1007 778 1093 804 non
1111 764 1215 803 ideo
1237 773 1424 802 necesse

119 829 189 862 est
207 828 254 861 ut
273 821 604 861 damnationem
626 820 866 872 opinentur
890 833 1025 872 posse
1048 820 1161 858 finiri
1184 830 1352 865 eorum,
1371 817 1424 856 de

120 878 281 931 quibus
301 877 468 916 dictum
497 881 584 914 est:
619 875 683 915 Ec
703 875 828 914 ibant
848 875 923 914 isti
945 874 988 914 in
1013 873 1266 928 supplicium
1286 879 1424 912 aeter-

118 947 239 981 mam,
276 945 328 972 ne
347 935 435 972 isto
455 931 589 970 modo
611 936 793 982 putetur
813 929 1019 970 habitura
1039 931 1168 970 finem
1183 959 1193 979 ‚
1228 929 1425 981 quando-

120 1001 205 1042 que
231 988 430 1028 felicitas
455 988 590 1026 etiam
617 986 816 1035 illorum,
852 986 906 1025 de
942 987 1102 1038 quibus
1137 998 1159 1025 6
1196 983 1424 1024 contrario

120 1046 288 1084 dictum
323 1049 411 1083 est:
447 1041 552 1081 insti
585 1049 728 1081 antem
756 1040 802 1080 in
825 1041 958 1080 vitam
984 1041 1275 1087 damnumst)
1337 1038 1427 1078 Sed

119 1112 288 1152 poenas
315 1099 624 1138 damnatorum
651 1097 787 1136 certis
810 1101 1061 1150 temporum
1082 1095 1331 1136 intervallis
1353 1106 1426 1133 ex-

119 1157 336 1203 istiment,
356 1154 391 1193 si
413 1152 499 1192 hoc
520 1153 584 1192 eis
607 1153 768 1205 placet,
789 1153 1074 1205 aliquatenus
1093 1152 1306 1204 mitigari.
1354 1150 1427 1188 Et-

118 1212 207 1249 iam
243 1211 307 1250 sic
337 1211 498 1262 quippe
534 1208 729 1261 intelligi
765 1214 916 1260 potest
948 1220 1128 1247 manere
1160 1207 1205 1246 in
1237 1206 1328 1245 illis
1361 1205 1429 1243 ira

119 1266 204 1305 Dei
218 1266 276 1317 4),
299 1264 383 1305 hoc
405 1269 486 1312 est,
506 1266 605 1316 ipsa
624 1264 849 1303 danmatio
869 1262 999 1311 (haec
1021 1263 1138 1303 enim
1155 1268 1342 1301 vocatur
1360 1260 1428 1299 ira

120 1322 222 1370 Dei,
248 1334 337 1361 non
356 1320 493 1360 divini
514 1320 647 1358 animi
670 1319 985 1372 perturbatio),
1007 1321 1116 1358 utin
1135 1319 1203 1357 ira
1221 1329 1315 1364 sua,
1342 1314 1427 1355 hoc

122 1384 212 1425 est,
246 1382 455 1416 manente
473 1376 542 1413 ira
567 1387 665 1421 sua,
703 1387 789 1413 non
816 1379 964 1414 tamen
993 1374 1223 1413 contineat
1247 1372 1428 1411 misera-

121 1434 269 1472 tiones
289 1445 407 1478 suas,
436 1444 524 1469 non
544 1436 729 1469 aeterno
753 1431 975 1482 supplicio
998 1430 1129 1468 finem
1150 1427 1319 1475 dando,
1348 1426 1429 1465 sed

122 1489 326 1528 levamen
351 1485 628 1534 adhibendo,
662 1485 732 1524 vel
764 1485 1093 1537 interponendo
1131 1482 1429 1531 cruciatibus3

124 1545 229 1597 quia
247 1555 329 1582 nec
347 1541 542 1595 psalmus
562 1541 644 1579 ait:
680 1540 735 1579 ad
755 1541 992 1581 finiendam
1015 1542 1126 1579 iram
1152 1551 1299 1587 suam,
1331 1537 1427 1576 vel:

123 1605 226 1652 post
242 1600 351 1638 iram
373 1610 517 1643 suam,
546 1597 646 1635 sed:
673 1594 804 1635 inira
820 1609 911 1636 sua.
975 1597 1099 1644 Quae
1118 1596 1156 1635 si
1174 1594 1274 1634 sola
1292 1598 1427 1640 esset,

124 1660 289 1706 (manta
321 1654 381 1692 ibi
408 1652 589 1691 minima
618 1652 812 1704 cogitari
844 1658 1015 1704 potest,
1048 1652 1194 1702 perire
1229 1660 1254 1687 a
1285 1660 1426 1701 regno

122 1710 232 1757 Dei,
259 1709 466 1747 exsulare
487 1720 512 1745 a
529 1707 711 1745 civitate
731 1706 836 1755 Dei,
863 1707 1053 1746 alienari
1073 1719 1098 1745 a
1114 1706 1206 1745 rita
1227 1703 1331 1751 Dei,
1359 1715 1427 1742 ca-

123 1778 223 1804 rere
250 1770 336 1802 tam
372 1774 534 1814 magna
567 1762 851 1801 multitudine
878 1762 1130 1802 dulcedinis
1155 1760 1263 1807 Dei,
1298 1770 1428 1811 quam

125 1819 362 1859 abscondit
380 1817 639 1857 timentibus
658 1829 727 1865 se,
754 1817 947 1870 perfecit
970 1823 1119 1857 autem
1145 1813 1430 1867 sperantibus

123 1878 166 1915 in
196 1875 319 1921 se⁵)‚
353 1880 442 1913 tam
469 1872 651 1925 grandis
679 1878 749 1911 est
774 1884 939 1924 poena,
974 1878 1023 1912 ut
1050 1872 1088 1911 ei
1115 1871 1237 1910 nulla
1256 1869 1432 1922 possint

123 1936 349 1969 tormenta
362 1940 474 1981 quae
491 1927 694 1966 novimus
714 1928 980 1980 comparari,
1002 1928 1037 1967 si
1056 1927 1136 1967 illa
1154 1928 1212 1966 sit
1229 1930 1426 1972 aeterna,

125 1986 214 2025 ista
233 1990 381 2025 autem
401 1984 489 2024 sint
508 1982 754 2035 quamlibet
771 1984 922 2023 multis
942 1982 1136 2023 saeculis
1154 1981 1304 2033 longa.
1320 1979 1360 2029 6)

174 2116 411 2152 1)Ρε.τῖ,1ο.
453 2113 715 2155 munuum-23.
749 2114 1090 2153 3)Cf.Mat.25.4o.
1129 2111 1430 2148 4)Cf.l‹›l1.:i‚36.

123 2163 160 2202 5)
177 2162 444 2198 Cf.1’s.31‚20.
472 2160 571 2200 0)Cf
591 2160 1430 2200 Ang.‹1eciv.1).·2i,13:23,s.0t1·s.;÷o.enun·,
