1503 2465
146 125 222 166 162
501 128 739 171 AURELH
767 130 1087 171 AUGUSTINI

143 211 211 250 dis
247 211 606 261 ecclesiasticae,
647 226 775 265 quani
810 226 918 253 sana
952 214 1160 253 doctrina
1194 214 1444 254 constituit.

144 266 337 319 Propter
364 267 482 319 quod
507 269 602 320 ipse
624 267 846 308 Dominus
871 270 993 322 prius
1030 283 1157 322 quam
1194 271 1247 309 de
1280 270 1445 309 talibus

143 322 263 374 quod
292 324 637 362 commemoravi
662 324 853 372 diceret,
879 326 1112 377 praemisit
1130 326 1189 374 ¹):
1223 324 1360 377 Super
1379 338 1446 364 ca-

141 376 342 416 fflcedram
362 376 504 431 Moysi
518 379 730 418 sederunt.
778 380 860 419 Illa
879 392 987 433 ergo
1009 379 1241 429 cathedra,
1266 393 1351 418 non
1373 392 1446 419 eo-

142 445 256 481 rum,
276 433 354 472 sed
372 434 540 485 Moysi,
562 435 756 487 cogebat
776 448 854 475 cos
875 436 994 475 bona
1012 436 1179 484 dicere,
1204 436 1337 475 etiam
1357 448 1447 474 non

143 488 264 527 bona
289 487 525 528 facientes.
585 491 788 542 Agebant
812 504 921 544 ergo
953 503 1033 530 sua
1057 492 1102 530 in
1131 493 1220 531 vita
1238 504 1337 541 sua3
1370 491 1447 530 do-

145 555 248 582 cere
269 549 416 582 autem
438 558 539 594 sua,
567 545 780 585 cathedra
797 547 902 586 illos
922 561 1010 585 non
1028 547 1315 598 permittebat
1340 547 1447 586 alie-

144 611 214 638 na.
249 599 406 639 Multis
425 600 576 653 itaque
596 608 783 654 prosunt
803 602 993 641 dicendo
1018 616 1130 655 quae
1150 616 1236 642 non
1255 601 1446 653 faciunt3

146 654 226 693 sed
249 654 385 707 longe
410 656 611 708 pluribus
630 657 899 709 prodessent
919 657 1128 697 faciendo
1149 670 1261 710 quae
1281 658 1447 697 dicunt.

144 710 381 750 Abundant
399 712 514 750 enim
535 713 606 764 qui
627 714 771 752 malae
790 715 908 753 vitae
928 726 1035 752 suae
1055 713 1365 753 defensionem
1393 726 1449 753 ex

142 766 254 817 ipsis
273 767 364 805 suis
385 768 653 819 praepositis
673 774 717 807 et
735 769 996 808 doctoribus
1016 775 1246 822 quaerant,
1265 781 1449 822 respon-

145 821 303 860 dentes
322 823 457 861 corde
476 835 578 871 suo,
607 829 681 862 aut
699 826 832 863 etiam
853 825 889 864 si
910 823 1068 864 adhoc
1088 830 1343 877 erumpunt,
1370 836 1448 863 ore

146 889 250 925 suo,
284 883 417 930 atque
446 878 667 918 dicentes:
710 881 846 931 quod
870 880 996 920 mihi
1025 881 1318 933 praecipis,
1360 892 1449 919 cur

144 934 261 984 ipse
287 946 348 971 no
362 947 386 971 n
419 932 584 973 facis}
614 935 681 974 lta
705 936 770 988 fit,
798 942 846 975 ut
864 948 961 975 eum
982 950 1070 975 non
1090 936 1355 975 obedienter
1373 948 1447 974 au-

147 988 295 1037 diant,
332 988 402 1041 qui
431 1001 478 1027 se
504 990 600 1042 ipse
625 1003 711 1029 non
739 992 882 1039 audit,
920 998 964 1031 et
982 991 1064 1030 Dei
1093 992 1292 1040 verbum,
1328 991 1449 1044 quod

146 1044 211 1082 eis
234 1044 538 1095 praedicatur,
575 1046 705 1085 simul
726 1060 822 1086 cum
840 1048 939 1099 ipso
961 1048 1272 1099 praedicatore
1298 1052 1447 1086 conte-

144 1104 309 1138 mnant.
332 1099 535 1152 Denique
555 1102 788 1153 apostolus
805 1103 1007 1142 scribens
1025 1103 1078 1142 ad
1092 1101 1376 1142 Timotheum
1389 1104 1447 1151 2),

146 1167 278 1207 quum
299 1155 507 1195 dixisset:
542 1155 677 1196 Nemo
696 1158 1026 1198 adolescentiam
1046 1165 1163 1197 tuam
1188 1164 1446 1204 contemnat,

146 1210 339 1249 subiecit
357 1212 473 1251 unde
494 1225 580 1251 non
603 1218 980 1263 contemneretur,
1005 1219 1137 1266 atque
1157 1215 1237 1253 ait:
1265 1212 1446 1268 sedfor-

145 1278 216 1304 ma
239 1273 325 1305 esto
344 1265 543 1319 fidelimn
569 1268 614 1307 in
635 1282 848 1318 sermone,
880 1269 925 1309 in
951 1269 1295 1318 conversatione,
1318 1268 1364 1308 in
1388 1267 1447 1307 di-

146 1321 340 1366 lectione,
365 1322 523 1375 infide,
547 1323 591 1362 in
611 1324 824 1364 castitate.

204 1377 250 1416 C.
269 1377 472 1417 xxviii.
534 1380 660 1419 Talis
679 1380 854 1430 doctor,
875 1385 923 1420 ut
942 1380 1206 1420 obedienter
1226 1379 1447 1427 audiatur,

147 1445 235 1471 non
259 1433 543 1484 impudenter
566 1449 653 1474 non
678 1436 823 1475 solum
855 1437 1075 1475 submisse
1109 1448 1160 1474 ac
1183 1440 1446 1486 temperate,

146 1499 298 1527 verum
322 1491 453 1528 etiam
474 1491 704 1542 granditer
728 1491 856 1539 dicit,
887 1493 991 1543 quia
1015 1504 1101 1530 non
1132 1490 1447 1530 contemtibili-

147 1548 218 1582 ter
237 1545 357 1583 vivit.
419 1544 493 1585 Sic
512 1558 699 1598 namque
720 1547 849 1599 eligit
876 1547 1037 1586 bonam
1062 1547 1217 1593 vitam,
1246 1552 1294 1584 ut
1313 1546 1450 1584 etiam

147 1599 311 1638 bonam
332 1612 418 1639 non
439 1601 639 1654 negligat
656 1600 838 1650 famam,
873 1602 953 1641 sed
972 1602 1212 1654 provideat
1233 1601 1353 1640 bona
1376 1613 1448 1639 co-

147 1666 240 1693 ram
260 1655 358 1694 Deo
380 1661 423 1695 et
441 1655 693 1696 hominibus
710 1657 772 1707 3),
808 1662 1017 1709 quantum
1045 1662 1217 1709 potest,
1250 1657 1376 1695 illum
1395 1657 1447 1695 ti-

148 1708 333 1759 mendo,
369 1709 437 1750 his
464 1712 758 1752 consulendo.
817 1714 869 1751 ln
894 1713 1012 1765 ipso
1040 1713 1173 1752 etiam
1199 1724 1447 1751 sermone

148 1766 307 1805 malit
340 1768 497 1806 rebus
530 1767 748 1819 placere
783 1781 928 1821 quam
961 1768 1165 1817 verbis,
1197 1780 1280 1806 nec
1315 1769 1448 1806 aesti-

149 1827 241 1860 met
260 1822 345 1861 dici
368 1823 542 1872 melius,
569 1824 650 1862 nisi
673 1824 792 1876 quod
815 1824 979 1863 dicitur
996 1824 1159 1871 verius,
1188 1835 1270 1862 nec
1289 1823 1449 1862 doctor

149 1877 298 1916 verbis
319 1879 498 1925 serviat,
519 1879 597 1918 sed
618 1880 754 1918 rerba
770 1880 960 1918 doctori.
990 1879 1092 1918 Hoc
1111 1883 1180 1918 est
1197 1881 1312 1917 enim
1329 1877 1450 1930 quod

150 1933 384 1984 apostolus
404 1934 466 1972 ait
481 1935 539 1983 ¹):
575 1932 672 1973 Non
691 1934 735 1974 in
758 1934 971 1987 sapientia
986 1933 1117 1980 verbi,
1147 1947 1198 1972 ne
1222 1939 1450 1972 evacuetur

151 2000 258 2027 crux
280 1987 456 2028 Christi.
516 1989 579 2028 Ad
600 1988 684 2029 hoc
706 1991 822 2029 valet
842 1992 977 2029 ctiam
996 1989 1114 2043 quod
1143 1989 1206 2027 ait
1224 1989 1277 2027 ad
1299 1989 1449 2028 Tinio-

151 2041 302 2084 theum
317 2045 379 2092 ⁵):
412 2043 514 2084 Noli
532 2044 666 2084 verbis
693 2046 976 2093 contendere;
1007 2044 1065 2084 ad
1083 2043 1192 2083 nillil
1211 2043 1322 2084 enim
1347 2042 1450 2082 utile

204 2173 321 2215 1)Mt.
341 2178 395 2213 223,
416 2179 447 2206 2.
498 2175 534 2213 2)
555 2179 565 2206 l
590 2175 687 2208 Tim.
702 2180 734 2216 4,
756 2180 808 2209 12.
858 2177 894 2219 3)
917 2176 973 2208 Cf.
995 2176 1110 2208 2C01·.
1130 2179 1160 2215 8,
1178 2178 1232 2207 21.
1282 2175 1319 2217 4)
1339 2179 1349 2207 l
1366 2174 1443 2207 Cor.

155 2222 259 2260 1,17.
309 2224 345 2262 5)
366 2226 385 2254 ·.›
403 2221 501 2254 Tim.
521 2226 550 2261 2,
576 2225 626 2254 14.
