1503 2465
120 79 200 119 230
471 79 708 120 AURELII
738 79 1056 122 AUGUSTl-Nl

120 163 233 202 alias
266 163 456 202 aliarum
487 176 636 202 rerum
670 167 846 216 species
881 164 1141 216 formasque
1181 169 1431 214 vertuntur,

121 219 323 270 quamvis
345 219 398 257 ad
422 232 584 271 corpus
603 220 806 268 redeant,
829 220 945 259 unde
967 220 1135 273 dilapsa
1148 220 1314 268 sunt,ad
1336 233 1432 260 eas-

121 276 220 313 dem
244 286 421 327 quoque
442 276 647 326 eorporis
669 282 839 327 partes,
867 275 937 314 ubi
960 275 1160 323 fuerunt,
1188 275 1338 315 redire
1359 287 1413 315 ne

121 342 248 368 cesse
276 329 349 368 sit.
410 330 619 383 Alioquin
649 331 683 368 si
714 330 890 382 capillis
913 328 1116 383 [capitis]
1141 330 1278 379 redit,
1313 330 1434 382 quod

118 391 210 423 tam
232 384 389 424 crebra
415 391 603 424 tonsura
622 386 840 434 detraxit,
877 387 914 425 si
941 385 1184 438 unguibus,
1221 388 1341 437 quod
1365 391 1434 425 to-

120 441 238 478 tiens
260 439 454 492 dempsit
472 442 700 490 exsectio,
734 441 1033 480 immoderata
1052 447 1095 479 et
1120 440 1334 480 indecens
1361 453 1432 480 co-

120 495 391 547 gitantibus,
430 502 474 535 et
497 496 600 536 ideo
627 498 1008 536 resurrectionem
1042 496 1189 535 carnis
1223 510 1310 535 non
1340 508 1432 537 cre-

121 550 331 590 dentibus
354 552 553 590 occurrit
569 551 841 591 informitas.
860 555 898 602 ¹)
949 551 1037 591 Sed
1059 552 1433 604 quemadmodum

121 606 156 644 si
189 612 340 645 statua
364 607 607 646 cuiuslibet
630 608 839 647 solubilis
859 607 1033 646 metalli
1057 612 1132 646 aut
1157 607 1260 660 igne
1288 607 1432 660 lique-

121 669 290 707 sceret,
322 668 398 701 aut
417 668 732 702 contereretur
748 665 791 702 in
813 663 1064 714 pulverem,
1095 668 1172 701 aut
1188 662 1432 703 confunde-

118 723 244 756 retur
263 718 307 756 in
325 730 531 765 massam,
552 724 596 757 et
615 731 711 757 eam
730 719 868 758 vellet
887 718 1050 758 artifex
1069 731 1221 757 rursus
1236 730 1290 757 ex
1309 718 1432 758 illius

117 775 338 813 materiae
374 774 625 825 quantitate
660 786 894 826 reparare,
943 773 1057 814 nihil
1097 774 1342 813 interesset
1375 773 1432 814 ad

121 828 219 867 eius
239 828 562 881 integritatem,
594 843 706 882 quae
727 829 948 883 particula
966 830 1182 869 materiae
1204 830 1274 869 cui
1295 841 1431 868 mem-

119 883 201 922 bro
230 889 406 923 statuae
433 885 720 932 redderetur,
758 886 859 924 dum
887 890 1034 925 tamen
1064 889 1232 933 totum,
1268 897 1324 925 ex
1343 897 1430 938 quo

122 940 370 978 constituta
389 939 555 990 fuerat,
584 942 795 980 restituta
814 946 1086 980 resumeret:
1118 940 1183 980 ita
1203 940 1328 980 Deus
1352 942 1435 981 mi-

118 995 325 1034 rabiliter
343 995 988 1048 atqueineffabiliterartifex,
1009 996 1063 1036 de
1081 1001 1195 1045 toto,
1216 1009 1303 1048 quo
1325 1007 1430 1036 caro

120 1056 278 1089 nostra
303 1052 591 1099 constiterat,
622 1064 718 1091 eam
745 1052 939 1091 mirabili
965 1058 1009 1091 et
1030 1051 1253 1091 ineffabili
1273 1052 1431 1091 celeri-

119 1112 212 1144 tate
240 1107 463 1145 restituet.
525 1107 618 1146 Nec
644 1108 812 1160 aliquid
841 1107 1062 1147 adtinebit
1087 1107 1142 1146 ad
1168 1108 1264 1146 eius
1283 1107 1432 1147 redin-

119 1162 445 1214 tegrationem,
481 1168 628 1202 utrum
656 1164 805 1215 capilli
837 1164 892 1202 ad
924 1163 1113 1215 capillos
1145 1162 1352 1214 redeant,
1387 1167 1433 1202 et

120 1229 294 1270 ungues
335 1217 389 1256 ad
429 1231 625 1271 ungues,
673 1232 728 1258 an
768 1218 984 1272 quidquid
1024 1231 1177 1258 eorum
1216 1219 1431 1270 perierat,

120 1279 318 1312 mutetur
340 1274 384 1312 in
411 1286 609 1322 carnem,
646 1282 688 1313 et
716 1276 760 1314 in
796 1280 945 1326 partes
981 1274 1092 1313 alias
1128 1276 1331 1327 corporis
1364 1286 1432 1313 re-

122 1334 330 1375 vocetur,
360 1335 544 1369 curante
565 1331 751 1369 artificis
771 1330 1077 1382 providentia,
1111 1341 1167 1370 ne
1186 1330 1291 1383 quid
1309 1329 1432 1369 inde-

123 1396 228 1423 cens
251 1385 340 1422 fiat.

179 1439 225 1477 C.
247 1439 339 1478 XC.
400 1438 495 1479 Nec
519 1440 629 1480 illud
655 1446 723 1480 est
748 1453 1045 1494 consequens,
1064 1447 1113 1481 ut
1130 1440 1233 1480 ideo
1255 1439 1433 1479 diversa

122 1495 179 1533 sit
216 1500 389 1534 statura
424 1496 787 1536 reviviscentium
814 1498 1114 1550 singulorum,
1152 1496 1256 1549 quia
1284 1495 1434 1535 fuerat

124 1550 304 1589 diversa
323 1551 590 1600 viventium,
616 1558 692 1591 aut
710 1553 846 1591 macri
869 1565 967 1592 cum
987 1552 1144 1591 eadem
1162 1552 1327 1600 macie,
1357 1557 1433 1590 aut

122 1608 313 1658 pingues
347 1619 443 1645 cum
477 1607 633 1646 eadem
671 1608 944 1660 pinguedine
980 1609 1272 1647 reviviscant.
1341 1606 1429 1646 sod

123 1661 159 1700 si
180 1659 265 1700 hoc
285 1666 353 1700 est
371 1662 414 1700 in
436 1663 628 1702 consilio
646 1665 880 1711 creatoris,
900 1664 1006 1703 utin
1025 1663 1173 1715 effigie
1189 1674 1270 1701 sua
1285 1663 1430 1702 cuius-

122 1728 208 1769 que
240 1717 493 1769 proprietas
529 1724 573 1757 et
607 1719 910 1759 discernibilis
935 1718 1184 1759 similitudo
1209 1724 1428 1766 servetur,

120 1772 167 1810 in
187 1773 351 1811 ceteris
371 1778 518 1812 autem
541 1775 746 1826 corporis
764 1775 895 1814 bonis
916 1775 1125 1827 aequalia
1143 1779 1303 1812 cuncta
1329 1773 1427 1812 red-

122 1827 297 1875 dantur,
318 1828 381 1866 ita
398 1829 732 1868 modificabitur
749 1830 827 1869 illa
845 1831 889 1870 in
911 1841 1180 1882 unoquoque
1201 1829 1428 1877 materies,

120 1889 170 1921 ut
190 1896 269 1922 nec
289 1883 458 1935 aliquid
479 1896 532 1922 ex
553 1896 605 1923 ea
630 1891 808 1936 pereat,
843 1892 887 1925 et
911 1887 1029 1938 qtiod
1056 1885 1188 1923 alicui
1217 1883 1427 1932 defuerit,

118 1937 198 1977 iiie
218 1939 437 1991 suppleat,
457 1940 529 1991 qui
553 1940 686 1979 etiam
708 1940 762 1979 de
780 1940 921 1980 nihilo
943 1941 1105 1993 potuit,
1131 1940 1252 1992 quod
1271 1939 1428 1987 voluit,

122 1996 314 2044 operari.
377 1993 420 2033 Si
449 2000 594 2033 autem
622 1996 667 2034 in
694 1997 958 2048 corporibus
992 1995 1325 2048 resurgentium
1359 2007 1427 2033 ra-

119 2049 352 2088 tionabilis
371 2050 670 2101 inaequalitas
692 2051 797 2101 erit,
833 2054 950 2093 sicut
970 2057 1037 2092 est
1056 2063 1238 2100 vocum,
1267 2050 1427 2103 quibus

172 2171 204 2212 Ι)
227 2171 276 2202 Cf
302 2171 390 2212 Aug.
412 2173 453 2204 de
475 2173 542 2204 civ.
563 2173 618 2205 dei
638 2175 692 2211 22,
718 2176 767 2205 19.
