1503 2465
234 139 315 180 DE
344 138 651 181 DOCTRINA
683 140 915 183 CHRIST.
975 142 1088 185 LlB.
1121 144 1175 185 11.
1311 145 1362 186 35

49 237 131 278 per
150 224 301 264 orbem
323 229 544 264 terrarum
564 224 864 275 disseminari,
884 239 964 280 per
980 229 1127 268 varias
1146 229 1365 284 interpre-

50 290 143 320 tum
172 280 351 333 linguas
377 281 514 333 longe
536 280 718 334 lateque
742 281 909 322 diffusa
931 284 1242 324 innotesceret
1258 298 1364 339 gen-

49 336 170 376 tibus
201 337 257 376 ad
278 335 486 375 salutem.
549 336 693 384 Quam
716 337 923 391 legentes
948 338 1063 380 nihil
1087 340 1211 381 aliud
1231 342 1364 395 adpe-

50 398 170 440 tunt,
205 404 336 445 quam
364 392 671 444 cogitationes
695 393 1064 449 voluntatemque
1097 396 1305 446 illorum,
1342 410 1368 437 a

49 448 212 501 quibus
233 448 489 500 conscripta
508 452 591 497 cst,
626 448 845 500 invenire,
882 456 926 490 et·
942 464 1022 504 per
1038 452 1142 491 illas
1161 453 1366 493 volunta-

49 510 139 542 tem
160 503 268 552 Dei,
300 503 547 543 secundum
565 516 697 557 quam
713 505 829 546 tales
849 504 1054 548 homines
1072 508 1252 549 locutos
1273 521 1366 549 cre-

51 559 212 599 dimus.

108 615 154 653 C.
174 612 249 654 Vl.
312 613 402 656 Sed
425 616 577 656 multis
600 620 646 656 et
661 617 987 670 multiplicibus
1010 619 1365 661 obscuritatibus

51 675 95 709 et
129 670 502 723 ambiguitatibus
527 672 835 724 decipiuntur,
874 675 949 727 qui
984 680 1155 716 temere
1191 676 1364 730 legunt,

51 725 174 765 aliud
192 734 272 778 pro
288 726 377 766 alio
391 729 660 768 sentientes:
682 729 949 781 quibusdam
964 737 1113 772 autem
1129 732 1244 772 locis
1260 734 1367 785 quid

51 781 120 820 vel
157 781 274 822 falso
308 783 596 835 suspicentur
627 797 716 824 non
756 786 1004 827 inveniunt.
1071 787 1140 827 Ita
1173 788 1365 828 obscure

51 838 271 890 quaedam
311 838 433 878 dicta
474 839 788 880 densissimam
835 842 1077 894 caliginem
1121 844 1364 885 obducunt.

52 893 187 941 Quod
214 899 357 934 totum
384 895 613 947 provisum
639 896 852 937 divinitus
879 910 980 939 esse
1011 912 1099 939 non
1124 900 1281 939 dubito
1309 900 1367 940 ad

52 948 351 989 edomandam
378 950 534 990 labore
553 952 810 1004 superbiam
830 958 876 993 et
894 954 1176 996 intellectum
1195 969 1221 996 a
1237 955 1365 995 fasti-

52 1004 127 1044 dio
162 1006 486 1055 revocandum,
523 1009 596 1047 cui
628 1008 762 1049 facile
795 1010 1070 1064 investigata
1102 1011 1366 1064 plerumque

50 1060 290 1100 vilescunt.
353 1061 471 1110 Quid
488 1063 606 1103 enim
626 1069 709 1114 est,
730 1077 915 1118 quaeso,
932 1067 1052 1119 quod
1071 1068 1109 1107 si
1130 1068 1368 1120 quisquam

52 1117 175 1157 dicat
194 1123 377 1157 sanctos
397 1129 498 1158 esse
517 1117 722 1160 homines
741 1127 876 1175 atque
893 1122 1145 1175 perfectos,
1176 1136 1367 1176 quorum

50 1173 145 1211 vita
162 1177 207 1212 et
223 1173 423 1212 moribus
436 1173 604 1215 Christi
622 1177 819 1217 ecclesia
838 1176 893 1219 de
917 1178 1194 1231 quibuslibet
1213 1192 1367 1232 super-

52 1229 314 1268 stitionibus
334 1230 557 1281 praecidit
575 1244 654 1271 eos
675 1233 751 1286 qui
769 1233 825 1273 ad
843 1246 891 1274 se
916 1235 1120 1283 veniunt,
1149 1242 1193 1275 et
1219 1236 1366 1275 imita-

50 1284 176 1323 tione
195 1283 416 1324 bonorum
434 1286 614 1326 sibimet
633 1289 965 1341 quodammodo
985 1291 1267 1343 incorporat3
1288 1293 1365 1344 qui

51 1338 160 1378 boni
187 1339 345 1379 fideles
373 1346 418 1380 et
440 1342 536 1380 reri
558 1342 641 1383 Dei
666 1347 783 1384 servi
803 1346 1082 1397 deponentes
1104 1360 1243 1387 onera
1266 1360 1363 1387 sae-

49 1395 139 1435 culi
158 1395 214 1435 ad
230 1402 435 1436 sanctum
458 1397 673 1450 baptismi
695 1399 923 1441 lavacrum
948 1408 1189 1451 venerunt,
1226 1410 1361 1456 atque

48 1450 152 1490 inde
187 1451 517 1492 adscendentes
551 1457 849 1507 conceptione
882 1458 1027 1497 sancti
1059 1459 1245 1510 spiritus
1271 1458 1360 1499 fru-

49 1512 168 1546 ctum
188 1507 294 1547 dant
312 1510 518 1561 geminae
538 1510 757 1559 caritatis,
791 1512 836 1551 id
857 1519 939 1562 est,
978 1513 1062 1553 Dei
1085 1519 1129 1552 et
1148 1515 1359 1566 proximi:

48 1563 159 1614 quid
195 1568 264 1602 est
297 1576 406 1615 ergo
445 1565 565 1617 quod
598 1566 636 1604 si
670 1565 780 1606 haec
805 1569 992 1621 quisque
1032 1569 1177 1610 dicat?r
1207 1571 1358 1610 Minus

48 1618 246 1658 delectat
266 1619 544 1669 audientem,
580 1623 764 1674 quamsi
787 1623 842 1662 ad
863 1625 1066 1664 eumdem
1090 1638 1268 1665 sensum
1295 1627 1358 1665 lo-

49 1687 147 1713 cum
169 1675 291 1714 illum
313 1682 509 1728 exponat
522 1676 576 1716 de
590 1678 777 1719 canticis
791 1682 1082 1730 canticorum,
1101 1682 1174 1721 uhi
1190 1682 1359 1722 dictum

49 1735 119 1769 est
145 1731 389 1777 ccclesiae,
424 1745 557 1784 quum
579 1738 802 1786 tamquam
835 1735 1019 1788 pulchra
1046 1738 1264 1790 quaedam
1294 1738 1358 1777 fe-

48 1786 168 1825 mina
202 1786 479 1827 laudaretur:
514 1786 677 1828 Denles
705 1789 769 1829 tui
795 1791 1037 1845 sit-atgrex
1065 1794 1356 1840 detonsarum,

48 1842 306 1880 adscendens
325 1843 373 1882 de
391 1844 580 1892 lavas-ro,
622 1858 729 1897 qnae
748 1860 889 1886 omines
903 1848 1100 1898 genainos
1120 1856 1283 1903 eremit,
1320 1855 1361 1888 et

47 1910 132 1936 uon
155 1904 212 1936 es!
232 1898 387 1937 sterilis
407 1899 448 1938 in
469 1899 540 1939 eis.
562 1902 599 1949 ¹)
633 1900 746 1940 Num
766 1903 888 1943 aliud
911 1903 1043 1946 homo
1058 1904 1206 1953 discit,
1228 1918 1361 1957 quam

48 1965 181 2005 quum
203 1952 313 1992 illud
332 1954 604 2006 planissimis
618 1956 766 1997 verbis
784 1959 880 1997 sinc
901 1960 1208 2000 similitudinis
1228 1960 1360 2001 huius

48 2008 321 2048 adminiculo
342 2011 546 2050 audiret?
578 2011 635 2051 Et
654 2018 800 2053 tamen
821 2017 975 2055 nescio
996 2028 1083 2070 quo
1102 2016 1237 2056 modo
1258 2029 1356 2056 sua-

47 2065 145 2103 vius
175 2066 357 2104 intueor
382 2072 586 2116 sanctos,
621 2081 753 2120 quum
779 2082 857 2108 cos
879 2072 1005 2124 quasi
1026 2071 1185 2111 dentes
1214 2073 1357 2112 eccle-

49 2119 143 2158 siae
168 2119 299 2159 video
328 2122 588 2172 praecidere
615 2125 669 2163 ab
705 2126 933 2168 erroribus
963 2126 1188 2177 homines,
1223 2135 1356 2182 atque

96 2245 129 2281 i)
153 2241 256 2272 Cant.
275 2247 305 2278 4,
325 2246 353 2274 2.

1011 2300 1040 2336 C
1061 2301 1083 2336 2
