1503 2465
319 84 713 149 ENCHIRIDION
744 110 821 149 AD
854 110 1144 152 LAURENT.
1307 114 1388 154 237

76 192 131 232 de
159 193 252 231 suis
275 192 448 231 meritis
476 199 792 246 conqueratur.
856 194 965 235 Sola
1003 197 1120 236 enim
1145 198 1294 250 gratia
1319 210 1386 239 re-

76 247 281 300 demptos
304 247 522 288 discernit
543 261 569 288 a
588 249 796 302 perditis,
823 263 936 303 quos
955 253 998 291 in
1018 264 1148 291 unam
1170 254 1385 305 perditio-

76 304 143 343 nis
180 311 505 343 concreaverat
535 317 727 345 massam
763 306 816 345 ab
853 308 1029 359 origine
1056 309 1192 348 ducta
1224 322 1387 349 caussa

77 359 339 398 communis.
400 359 503 399 Hoc
523 366 669 400 autem
690 362 762 413 qui
784 373 837 401 eo
858 363 993 402 modo
1016 364 1154 413 audit,
1174 370 1222 403 ut
1241 366 1384 405 dicat:

79 413 196 464 Quid
211 414 351 454 adhuc
369 415 680 468 conqueritur?
699 415 812 456 Nam
831 418 1047 458 voluntati
1063 419 1150 458 eius
1171 420 1262 472 quis
1281 420 1384 460 resi·

73 470 180 510 stit?
209 474 434 523 tamquam
469 478 711 524 propterea
743 473 886 513 malus
921 488 1009 513 non
1044 475 1250 515 videatur
1281 488 1384 516 esse

76 526 345 578 culpandus,
376 529 480 579 quia
497 527 620 567 Deus
641 530 766 568 cuius
787 530 880 569 vult
897 530 1158 580 miseretur,
1189 538 1233 571 et
1251 544 1383 585 quem

74 582 168 620 vult
197 582 408 633 obdurat3
445 583 563 623 absit
589 590 636 623 ut
661 584 827 637 pudeat
863 599 943 624 nos
979 584 1065 626 hoc
1088 589 1382 639 respondere,

75 637 194 690 quod
218 639 508 691 respondisse
538 640 738 679 videmus
773 641 1051 692 apostolum:
1091 639 1129 682 Ο
1153 641 1302 691 homo,
1338 650 1385 682 tu

76 692 168 746 quis
187 706 242 742 es,
264 694 337 746 qui
353 696 610 747 respondeas
628 694 753 736 Deo?
771 695 994 749 Numquid
1009 696 1383 751 dicitfigueentetm

76 748 116 789 ei
134 748 207 802 qm·
223 748 435 802 sefinxit:
458 764 590 803 quare
608 751 837 806 mesecisti
851 751 938 792 sic?
971 753 1040 792 An
1058 767 1144 793 non
1162 753 1383 808 ltabetpo-

75 804 448 858 testatetnfigetlus
466 806 567 854 luti,
595 821 644 847 ex
664 808 809 846 eadem
827 821 968 848 massa
978 808 1138 862 faeere
1157 809 1277 849 aliud
1293 810 1384 864 qui-

75 860 168 900 dem
204 873 276 900 vas
310 860 355 900 in
382 861 609 911 honorem,
645 862 764 903 aliud
795 876 893 903 vero
923 863 968 903 in
996 865 1384 917 contumeliamffl)

74 915 177 956 Hoc
201 918 318 957 enim
343 916 446 956 loco
476 919 654 971 quidam
688 919 812 958 stulti
836 925 1014 971 putant,
1050 922 1307 973 apostolum
1337 924 1384 962 in

74 973 373 1025 responsione
394 972 642 1022 defecisse,
670 980 714 1014 ct
731 976 884 1028 inopia
906 976 1164 1016 reddendae
1191 978 1383 1021 rationis

73 1030 349 1080 repressisse
374 1030 723 1070 contradictoris
750 1031 998 1071 audaciam.
1061 1032 1149 1073 Sed
1172 1045 1384 1085 magnum

76 1081 211 1123 habet
230 1083 403 1136 pondus
423 1085 540 1137 quod
563 1086 728 1125 (lictum
750 1092 845 1126 est:
881 1084 919 1127 Ο
944 1087 1093 1137 homo,
1128 1095 1174 1127 tu
1196 1088 1288 1141 quis
1316 1091 1385 1129 es?

74 1138 131 1178 Et
154 1141 198 1178 in
225 1140 391 1179 talibus
417 1142 759 1193 quaestionibus
786 1143 841 1182 ad
866 1156 974 1183 suae
994 1145 1257 1197 capacitatis
1279 1157 1382 1184 con-

74 1194 395 1234 siderationem
422 1202 607 1236 revocat
632 1196 858 1237 hominem
880 1199 1018 1239 verbo
1044 1199 1221 1252 quidem
1240 1200 1382 1250 brevi,

74 1250 153 1290 sed
188 1263 234 1290 re
269 1251 368 1304 ipsa
398 1265 560 1305 magna
593 1258 662 1292 est
694 1253 890 1293 redditio
919 1256 1125 1295 rationis.
1186 1255 1233 1296 Si
1265 1256 1386 1296 enim

75 1304 186 1345 haec
210 1320 296 1346 non
326 1308 465 1359 capit,
503 1309 602 1360 quis
636 1314 727 1357 est,
763 1311 839 1362 qui
872 1310 1146 1362 respondeat
1170 1310 1298 1351 Deoit
1336 1311 1385 1352 Si

74 1368 222 1402 autem
243 1363 376 1415 capit,
394 1364 538 1416 magis
559 1377 644 1403 non
664 1365 848 1413 invenit,
868 1366 971 1418 quid
991 1367 1278 1419 respondeat.
1306 1366 1382 1408 Vi-

75 1417 151 1458 det
175 1420 314 1466 enim,
349 1419 386 1457 si
411 1421 549 1471 capit,
586 1420 843 1460 universum
868 1434 1009 1473 genus
1039 1421 1274 1462 humanum
1293 1428 1383 1463 tam

72 1474 194 1513 iusto
220 1474 386 1513 iudicio
414 1474 563 1514 divino
591 1476 633 1514 in
659 1477 916 1527 apostatica
933 1478 1087 1517 radice
1111 1478 1382 1529 damnatum,

73 1535 123 1569 ut
141 1531 275 1568 (etiam
296 1529 332 1568 si
353 1529 500 1569 nullus
517 1531 619 1570 inde
645 1531 936 1581 liberaretur,
972 1546 1104 1573 nemo
1134 1540 1257 1574 recte
1282 1547 1383 1588 pos-

77 1591 146 1625 set
162 1585 248 1624 Dei
279 1585 535 1637 vituperare
560 1587 799 1637 iustitiam3
834 1592 878 1627 et
902 1590 977 1640 qui
1009 1588 1280 1639 liberantur,
1317 1590 1383 1629 sic

76 1641 332 1693 oportuisse
354 1640 558 1690 liberari,
593 1647 641 1681 ut
660 1655 714 1694 ex
733 1643 933 1694 pluribus
953 1656 1039 1683 non
1060 1645 1283 1693 liberatis,
1319 1651 1382 1685 at·

75 1709 160 1748 que
181 1697 223 1735 in
246 1697 532 1736 damnatione
555 1698 802 1737 iustissima
827 1699 1082 1750 derelictis,
1120 1702 1381 1741 ostendere-

73 1758 164 1800 tur,
190 1752 297 1804 quid
320 1755 562 1792 meruisset
587 1755 794 1793 universa
820 1756 1106 1808 conspersi03
1140 1762 1184 1795 et
1202 1770 1287 1809 quo
1318 1763 1382 1796 et-

72 1809 159 1847 iam
178 1808 292 1847 istos
312 1807 510 1847 debitum
530 1808 744 1849 iudicium
763 1809 846 1850 Dei
869 1810 1074 1860 duceret,
1110 1812 1193 1850 nisi
1225 1813 1289 1851 eis
1316 1813 1378 1851 in-

75 1863 227 1903 debita
244 1863 558 1903 misericordia
577 1864 855 1916 subveniret3
881 1872 930 1906 ut
945 1866 1191 1907 volentium
1209 1867 1262 1905 (le
1286 1868 1379 1907 suis

72 1920 244 1958 meritis
265 1919 450 1972 gloriari
474 1931 603 1958 omne
624 1933 673 1960 os
690 1921 965 1972 obstruatur,
986 1927 1030 1962 et
1048 1923 1121 1976 qui
1141 1922 1378 1976 gloriatur,

69 1975 116 2014 in
135 1974 328 2014 Domino
349 1975 584 2028 glorietur.
599 1977 639 2027 2)

122 2167 154 2199 l)
186 2164 242 2196 (jf.
270 2163 360 2204 Aug.
389 2164 431 2194 «lo
460 2164 523 2195 civ.
553 2166 608 2197 dei
643 2169 698 2203 15,
728 2170 754 2199 l.
805 2168 841 2208 2)
871 2167 932 2200 Cf.
956 2167 1057 2200 Rom.
1086 2172 1123 2203 3,
1154 2169 1201 2199 10.
1258 2165 1374 2199 icor.

72 2213 99 2242 1.
120 2215 172 2244 31.
