1503 2465
235 584 695 637 AUGUSTINI
761 584 1171 636 RECENSIO

80 686 110 726 1.
160 685 472 725 LIBRORUM
501 685 581 724 DE
613 684 918 725 DOCTRINA
951 680 1318 724 CHRISTIANA.

359 768 621 805 RETRACT.
645 768 740 801 LIB.
767 768 818 802 ΙΙ.
848 767 959 801 ΟΑΡ.
981 767 1045 803 lv.

43 830 266 899 Libros
301 859 364 898 de
395 859 653 898 doctrina
683 857 999 898 Christiana
1032 869 1165 911 quum
1200 860 1360 912 imper-

42 916 190 956 fectos
219 916 563 967 comperissem,
600 915 818 968 perficere
842 914 998 963 malui,
1034 925 1164 966 quam
1199 917 1265 954 eis
1296 917 1361 955 sic.

41 972 217 1011 relictis
237 972 292 1011 ad
312 972 402 1011 alia
418 970 707 1010 retractanda
725 972 935 1011 transire.
997 970 1229 1023 Complevi
1250 983 1359 1023 ergo

41 1028 226 1068 tertium
242 1058 252 1076 ‚
279 1028 352 1080 qui
382 1027 577 1080 scriptus
606 1026 756 1066 fuerat
781 1039 923 1079 usque
944 1027 999 1066 ad
1019 1039 1118 1066 eum
1139 1026 1286 1066 locum
1306 1030 1360 1077 ¹),

41 1084 115 1124 ubi
139 1089 536 1122 commemoratum
566 1088 635 1122 est
654 1095 708 1122 ex
730 1083 1023 1136 evangelio&
1051 1082 1361 1122 testimonium

44 1141 98 1180 de
119 1140 322 1188 muliere,
338 1152 445 1192 qnae
458 1137 959 1195 absconditsermeninm
978 1137 1023 1178 z'tz
1042 1137 1178 1177 tribus
1199 1151 1361 1178 mensa-

43 1195 103 1237 ris
116 1194 319 1250 farinae,
340 1194 835 1250 donecfermentaretur
854 1202 1006 1234 totum.
1045 1194 1207 1234 Addidi
1227 1196 1362 1234 etiam

43 1252 336 1291 novissimum
367 1251 528 1290 librum
545 1281 554 1299 ‚
583 1256 628 1290 et
647 1257 842 1303 quatuor
864 1251 992 1290 libris
1019 1263 1132 1303 opus
1151 1250 1264 1290 illud
1282 1251 1361 1289 im-

42 1308 186 1360 plevi:
221 1320 409 1360 quorum
430 1309 558 1359 primi
579 1312 672 1346 tres
693 1307 924 1357 adiuvant,
948 1313 998 1346 ut
1021 1307 1272 1359 scripturae
1296 1307 1360 1345 in-

42 1363 325 1417 telligantur,
346 1370 530 1416 quartus
552 1369 718 1411 autem,
746 1376 833 1416 quo
855 1363 989 1402 modo
1011 1375 1124 1416 quae
1145 1363 1358 1416 intelligi-

42 1432 139 1459 mus
173 1418 448 1472 proferenda
480 1421 583 1458 sint.
646 1419 693 1457 In
724 1419 923 1458 secundo
961 1430 1068 1458 sane
1103 1418 1219 1457 libro
1234 1418 1273 1468 3)
1305 1419 1359 1458 de

43 1481 230 1515 auctore
256 1476 386 1524 libri,
416 1488 548 1528 quem
575 1474 728 1527 plures
747 1480 911 1514 vocant
932 1474 1209 1526 Sapientiam
1232 1473 1357 1514 Salo-

41 1532 204 1580 monis,
219 1531 340 1583 quod
360 1533 495 1571 etiam
518 1531 678 1583 ipsum,
697 1530 1212 1579 sicutEeclesiastieum‚
1234 1530 1359 1570 lesus

43 1586 200 1628 Sirnch
222 1588 473 1639 scripserit,
496 1601 583 1626 non
604 1589 669 1626 ita
689 1592 914 1636 constare,
935 1587 1052 1625 sicut
1070 1587 1358 1626 amedictum

41 1650 130 1691 est,
166 1651 329 1696 postea
354 1644 512 1692 didici,
550 1648 595 1682 et
622 1644 803 1682 omnino
831 1642 1113 1695 probabilius
1140 1643 1354 1695 comperi,

41 1713 128 1739 non
150 1711 250 1739 esse
270 1698 386 1738 hunc
405 1702 501 1739 eius
521 1699 888 1738 libi-bauctmem.
919 1698 1000 1737 Ubi
1020 1704 1167 1737 autem
1186 1698 1275 1738 dixi
1293 1697 1309 1721 4
1323 1703 1354 1743 ):

40 1755 164 1805 „His
190 1755 490 1808 quadraginta
516 1761 710 1806 quatuor
738 1754 866 1794 libris
893 1755 1151 1794 testamenti
1186 1754 1354 1794 veteris

37 1811 306 1850 terminatur
339 1812 648 1858 auctoritasf‘
686 1823 741 1850 ex
773 1810 1123 1858 consuetudine,
1157 1822 1244 1863 qua
1266 1810 1355 1849 iam

39 1867 240 1918 loquitur
259 1867 470 1914 ecclesia,
488 1873 615 1905 vetus
635 1871 953 1906 testamentum
976 1866 1215 1917 adpellavi.
1240 1867 1354 1917 Apo-

39 1923 184 1962 stolus
213 1928 362 1962 autem
388 1936 473 1962 non
505 1922 683 1961 videtur
706 1922 936 1974 adpellare
964 1929 1092 1960 retus
1114 1927 1354 1960 testamen-

41 1984 133 2017 tum
148 2008 158 2024 ,
183 1979 267 2016 nisi
290 1980 410 2030 quod
431 1978 581 2017 (lutum
602 1978 730 2017 estin
752 1983 903 2017 monte
921 1977 1097 2025 Sinum)
1161 1977 1214 2015 Et
1232 1978 1274 2016 in
1296 1988 1349 2016 eo

41 2033 162 2086 qnod
181 2034 272 2073 <lixi
291 2035 331 2084 ὓ)
362 2034 446 2083 „de
467 2041 719 2087 temporum
737 2032 929 2073 historia
947 2038 1150 2073 sanctum
1168 2032 1350 2071 Ambro-

91 2170 123 2206 l)
150 2165 239 2207 Cap.
259 2169 313 2199 25.
359 2167 393 2209 2)
415 2169 500 2200 Luc.
525 2171 576 2201 12,
597 2171 650 2200 21.
694 2167 731 2209 3)
754 2168 846 2210 Cap.
866 2170 897 2201 8.
932 2168 970 2210 4)
991 2166 1031 2198 L.
1048 2164 1098 2198 II.
1119 2177 1149 2198 c.
1169 2169 1198 2197 8.
1233 2165 1269 2204 5)
1291 2165 1349 2198 Cf.

40 2210 122 2244 Gal.
143 2216 174 2251 4,
194 2215 247 2245 24.
298 2214 334 2253 6)
356 2215 396 2246 L.
416 2214 464 2247 ll.
484 2226 511 2247 c.
530 2217 585 2246 23.
