<?xml version="1.0" encoding="UTF-8"?>
<!DOCTYPE html PUBLIC "-//W3C//DTD XHTML 1.0 Transitional//EN"
    "http://www.w3.org/TR/xhtml1/DTD/xhtml1-transitional.dtd">
<html xmlns="http://www.w3.org/1999/xhtml" xml:lang="en" lang="en">
 <head>
  <title>
</title>
<meta http-equiv="Content-Type" content="text/html;charset=utf-8" />
  <meta name='ocr-system' content='tesseract 3.04.00' />
  <meta name='ocr-capabilities' content='ocr_page ocr_carea ocr_par ocr_line ocrx_word'/>
</head>
<body>
  <div class='ocr_page' id='page_1' title='image "./dedoctrinachrist00augu_0257.png"; bbox 0 0 1503 2465; ppageno 0'>
   <div class='ocr_carea' id='block_1_1' title="bbox 316 61 1386 103">
    <p class='ocr_par' dir='ltr' id='par_1_1' title="bbox 316 61 1386 103">
     <span class='ocr_line' id='line_1_1' title="bbox 316 61 1386 103; baseline -0.001 -2"><span class='ocrx_word' id='word_1_1' title='bbox 316 61 711 103; x_wconf 69' lang='lat' dir='ltr'>ENCfflRlDION</span> <span class='ocrx_word' id='word_1_2' title='bbox 739 62 816 102; x_wconf 76' lang='lat' dir='ltr'>AD</span> <span class='ocrx_word' id='word_1_3' title='bbox 844 62 1138 102; x_wconf 66' lang='lat' dir='ltr'><strong>LAURENT.</strong></span> <span class='ocrx_word' id='word_1_4' title='bbox 1306 61 1386 101; x_wconf 76' lang='lat'>219</span> 
     </span>
    </p>
   </div>
   <div class='ocr_carea' id='block_1_2' title="bbox 70 145 1388 1913">
    <p class='ocr_par' dir='ltr' id='par_1_2' title="bbox 72 145 1388 424">
     <span class='ocr_line' id='line_1_2' title="bbox 72 145 1385 200; baseline 0.002 -16"><span class='ocrx_word' id='word_1_5' title='bbox 72 145 201 185; x_wconf 80' lang='lat' dir='ltr'>amici</span> <span class='ocrx_word' id='word_1_6' title='bbox 224 157 329 185; x_wconf 82' lang='lat' dir='ltr'>vero</span> <span class='ocrx_word' id='word_1_7' title='bbox 352 158 505 186; x_wconf 79' lang='lat' dir='ltr'>eorum</span> <span class='ocrx_word' id='word_1_8' title='bbox 534 147 685 199; x_wconf 86' lang='lat' dir='ltr'>potius</span> <span class='ocrx_word' id='word_1_9' title='bbox 712 147 800 195; x_wconf 88' lang='lat' dir='ltr'>illi,</span> <span class='ocrx_word' id='word_1_10' title='bbox 837 160 949 199; x_wconf 89' lang='lat' dir='ltr'>quos</span> <span class='ocrx_word' id='word_1_11' title='bbox 974 147 1183 186; x_wconf 86' lang='lat' dir='ltr'>inimicos</span> <span class='ocrx_word' id='word_1_12' title='bbox 1211 152 1385 200; x_wconf 82' lang='lat' dir='ltr'>putant,</span> 
     </span>
     <span class='ocr_line' id='line_1_3' title="bbox 73 202 1385 256; baseline 0.002 -17"><span class='ocrx_word' id='word_1_13' title='bbox 73 208 118 240; x_wconf 71' lang='lat' dir='ltr'>vt</span> <span class='ocrx_word' id='word_1_14' title='bbox 142 202 335 241; x_wconf 84' lang='lat' dir='ltr'>reddunt</span> <span class='ocrx_word' id='word_1_15' title='bbox 361 203 551 242; x_wconf 78' lang='lat' dir='ltr'>errando</span> <span class='ocrx_word' id='word_1_16' title='bbox 579 203 695 241; x_wconf 83' lang='lat' dir='ltr'>mala</span> <span class='ocrx_word' id='word_1_17' title='bbox 718 215 797 254; x_wconf 86' lang='lat' dir='ltr'>pro</span> <span class='ocrx_word' id='word_1_18' title='bbox 832 203 987 252; x_wconf 86' lang='lat' dir='ltr'>bonis,</span> <span class='ocrx_word' id='word_1_19' title='bbox 1025 216 1158 256; x_wconf 89' lang='lat' dir='ltr'>quum</span> <span class='ocrx_word' id='word_1_20' title='bbox 1192 202 1385 242; x_wconf 82' lang='lat' dir='ltr'><strong>reddere</strong></span> 
     </span>
     <span class='ocr_line' id='line_1_4' title="bbox 72 256 1388 311; baseline 0.002 -16"><span class='ocrx_word' id='word_1_21' title='bbox 72 257 190 296; x_wconf 75' lang='lat' dir='ltr'>mala</span> <span class='ocrx_word' id='word_1_22' title='bbox 225 256 506 297; x_wconf 65' lang='lat' dir='ltr'>Christianus</span> <span class='ocrx_word' id='word_1_23' title='bbox 540 270 627 297; x_wconf 87' lang='lat' dir='ltr'>non</span> <span class='ocrx_word' id='word_1_24' title='bbox 664 258 829 297; x_wconf 85' lang='lat' dir='ltr'>debeat</span> <span class='ocrx_word' id='word_1_25' title='bbox 862 270 941 311; x_wconf 86' lang='lat' dir='ltr'>pro</span> <span class='ocrx_word' id='word_1_26' title='bbox 975 259 1119 298; x_wconf 81' lang='lat' dir='ltr'>malis.</span> <span class='ocrx_word' id='word_1_27' title='bbox 1143 261 1181 309; x_wconf 87' lang='lat'>¹)</span> <span class='ocrx_word' id='word_1_28' title='bbox 1239 258 1388 298; x_wconf 82' lang='lat' dir='ltr'>Multa</span> 
     </span>
     <span class='ocr_line' id='line_1_5' title="bbox 72 313 1384 367; baseline 0.003 -17"><span class='ocrx_word' id='word_1_29' title='bbox 72 313 225 365; x_wconf 71' lang='lat' dir='ltr'>itaque</span> <span class='ocrx_word' id='word_1_30' title='bbox 246 318 348 352; x_wconf 84' lang='lat' dir='ltr'>sunt</span> <span class='ocrx_word' id='word_1_31' title='bbox 368 325 536 366; x_wconf 86' lang='lat' dir='ltr'>genera</span> <span class='ocrx_word' id='word_1_32' title='bbox 556 314 963 366; x_wconf 77' lang='lat' dir='ltr'>eleemosynarum,</span> <span class='ocrx_word' id='word_1_33' title='bbox 989 327 1104 367; x_wconf 80' lang='lat' dir='ltr'>quae</span> <span class='ocrx_word' id='word_1_34' title='bbox 1124 327 1257 367; x_wconf 89' lang='lat' dir='ltr'>quum</span> <span class='ocrx_word' id='word_1_35' title='bbox 1276 313 1384 354; x_wconf 87' lang='lat' dir='ltr'>faci·</span> 
     </span>
     <span class='ocr_line' id='line_1_6' title="bbox 74 369 1234 424; baseline 0.002 -17"><span class='ocrx_word' id='word_1_36' title='bbox 74 381 185 416; x_wconf 62' lang='lat' dir='ltr'>mus,</span> <span class='ocrx_word' id='word_1_37' title='bbox 213 369 474 408; x_wconf 76' lang='lat' dir='ltr'>adiuvamur</span> <span class='ocrx_word' id='word_1_38' title='bbox 495 376 541 409; x_wconf 91' lang='lat' dir='ltr'>ut</span> <span class='ocrx_word' id='word_1_39' title='bbox 559 369 842 409; x_wconf 79' lang='lat' dir='ltr'>dimittantur</span> <span class='ocrx_word' id='word_1_40' title='bbox 860 375 1016 409; x_wconf 85' lang='lat' dir='ltr'>nostra</span> <span class='ocrx_word' id='word_1_41' title='bbox 1032 377 1234 424; x_wconf 84' lang='lat' dir='ltr'>peccata.</span> 
     </span>
    </p>

    <p class='ocr_par' dir='ltr' id='par_1_3' title="bbox 70 423 1385 1913">
     <span class='ocr_line' id='line_1_7' title="bbox 130 423 1385 479; baseline 0.002 -17"><span class='ocrx_word' id='word_1_42' title='bbox 130 425 176 463; x_wconf 81' lang='lat' dir='ltr'>C.</span> <span class='ocrx_word' id='word_1_43' title='bbox 199 423 400 463; x_wconf 71' lang='lat' dir='ltr'>Lxxm.</span> <span class='ocrx_word' id='word_1_44' title='bbox 462 424 551 465; x_wconf 80' lang='lat' dir='ltr'>Sed</span> <span class='ocrx_word' id='word_1_45' title='bbox 572 437 626 465; x_wconf 85' lang='lat' dir='ltr'>ea</span> <span class='ocrx_word' id='word_1_46' title='bbox 645 424 759 465; x_wconf 85' lang='lat' dir='ltr'>nihil</span> <span class='ocrx_word' id='word_1_47' title='bbox 777 432 845 465; x_wconf 88' lang='lat' dir='ltr'>est</span> <span class='ocrx_word' id='word_1_48' title='bbox 863 427 1031 475; x_wconf 86' lang='lat' dir='ltr'>maius,</span> <span class='ocrx_word' id='word_1_49' title='bbox 1058 438 1144 479; x_wconf 90' lang='lat' dir='ltr'>qua</span> <span class='ocrx_word' id='word_1_50' title='bbox 1168 438 1222 465; x_wconf 85' lang='lat' dir='ltr'>ex</span> <span class='ocrx_word' id='word_1_51' title='bbox 1247 424 1385 465; x_wconf 83' lang='lat' dir='ltr'>corde</span> 
     </span>
     <span class='ocr_line' id='line_1_8' title="bbox 74 478 1385 534; baseline 0.004 -17"><span class='ocrx_word' id='word_1_52' title='bbox 74 478 360 529; x_wconf 84' lang='lat' dir='ltr'>dimittimus,</span> <span class='ocrx_word' id='word_1_53' title='bbox 399 481 518 533; x_wconf 86' lang='lat' dir='ltr'>quod</span> <span class='ocrx_word' id='word_1_54' title='bbox 543 483 588 521; x_wconf 93' lang='lat' dir='ltr'>in</span> <span class='ocrx_word' id='word_1_55' title='bbox 612 494 695 521; x_wconf 89' lang='lat' dir='ltr'>nos</span> <span class='ocrx_word' id='word_1_56' title='bbox 716 481 904 534; x_wconf 87' lang='lat' dir='ltr'>quisque</span> <span class='ocrx_word' id='word_1_57' title='bbox 928 482 1147 534; x_wconf 81' lang='lat' dir='ltr'>peccavit.</span> <span class='ocrx_word' id='word_1_58' title='bbox 1206 481 1385 522; x_wconf 87' lang='lat' dir='ltr'>Minus</span> 
     </span>
     <span class='ocr_line' id='line_1_9' title="bbox 75 535 1384 590; baseline 0.002 -17"><span class='ocrx_word' id='word_1_59' title='bbox 75 535 212 574; x_wconf 89' lang='lat' dir='ltr'>enim</span> <span class='ocrx_word' id='word_1_60' title='bbox 247 549 484 590; x_wconf 84' lang='lat' dir='ltr'>magnum</span> <span class='ocrx_word' id='word_1_61' title='bbox 521 543 627 586; x_wconf 90' lang='lat' dir='ltr'>est,</span> <span class='ocrx_word' id='word_1_62' title='bbox 676 549 803 590; x_wconf 83' lang='lat' dir='ltr'>erga</span> <span class='ocrx_word' id='word_1_63' title='bbox 838 549 954 576; x_wconf 90' lang='lat' dir='ltr'>eum</span> <span class='ocrx_word' id='word_1_64' title='bbox 987 549 1109 577; x_wconf 86' lang='lat' dir='ltr'>esse</span> <span class='ocrx_word' id='word_1_65' title='bbox 1151 537 1384 577; x_wconf 75' lang='lat' dir='ltr'>benevo-</span> 
     </span>
     <span class='ocr_line' id='line_1_10' title="bbox 73 589 1384 645; baseline 0.002 -16"><span class='ocrx_word' id='word_1_66' title='bbox 73 589 199 640; x_wconf 88' lang='lat' dir='ltr'>lum,</span> <span class='ocrx_word' id='word_1_67' title='bbox 223 591 343 631; x_wconf 73' lang='lat' dir='ltr'>sive</span> <span class='ocrx_word' id='word_1_68' title='bbox 372 593 533 631; x_wconf 85' lang='lat' dir='ltr'>etiam</span> <span class='ocrx_word' id='word_1_69' title='bbox 556 592 889 642; x_wconf 83' lang='lat' dir='ltr'>beneficum,</span> <span class='ocrx_word' id='word_1_70' title='bbox 917 594 1000 645; x_wconf 92' lang='lat' dir='ltr'>qui</span> <span class='ocrx_word' id='word_1_71' title='bbox 1029 593 1126 633; x_wconf 90' lang='lat' dir='ltr'>tibi</span> <span class='ocrx_word' id='word_1_72' title='bbox 1155 592 1280 632; x_wconf 89' lang='lat' dir='ltr'>mali</span> <span class='ocrx_word' id='word_1_73' title='bbox 1308 593 1384 631; x_wconf 93' lang='lat' dir='ltr'>ni-</span> 
     </span>
     <span class='ocr_line' id='line_1_11' title="bbox 75 643 1385 703; baseline 0.002 -19"><span class='ocrx_word' id='word_1_74' title='bbox 75 643 156 685; x_wconf 85' lang='lat' dir='ltr'>hil</span> <span class='ocrx_word' id='word_1_75' title='bbox 180 646 297 687; x_wconf 83' lang='lat' dir='ltr'>fece</span> <span class='ocrx_word' id='word_1_76' title='bbox 316 649 403 687; x_wconf 87' lang='lat' dir='ltr'>rit.</span> <span class='ocrx_word' id='word_1_77' title='bbox 450 648 594 687; x_wconf 88' lang='lat' dir='ltr'>lllud</span> <span class='ocrx_word' id='word_1_78' title='bbox 620 661 658 686; x_wconf 92' lang='lat' dir='ltr'>m</span> <span class='ocrx_word' id='word_1_79' title='bbox 678 648 788 687; x_wconf 87' lang='lat' dir='ltr'>ulto</span> <span class='ocrx_word' id='word_1_80' title='bbox 818 649 1074 701; x_wconf 78' lang='lat' dir='ltr'>grandius</span> <span class='ocrx_word' id='word_1_81' title='bbox 1101 653 1153 688; x_wconf 92' lang='lat' dir='ltr'>et</span> <span class='ocrx_word' id='word_1_82' title='bbox 1177 651 1385 703; x_wconf 87' lang='lat' dir='ltr'>magni-</span> 
     </span>
     <span class='ocr_line' id='line_1_12' title="bbox 73 701 1383 757; baseline 0.002 -16"><span class='ocrx_word' id='word_1_83' title='bbox 73 701 479 742; x_wconf 85' lang='lat' dir='ltr'>ficentissimae</span> <span class='ocrx_word' id='word_1_84' title='bbox 502 704 768 743; x_wconf 88' lang='lat' dir='ltr'>bonitatis</span> <span class='ocrx_word' id='word_1_85' title='bbox 795 710 898 753; x_wconf 88' lang='lat' dir='ltr'>est,</span> <span class='ocrx_word' id='word_1_86' title='bbox 925 709 981 743; x_wconf 84' lang='lat' dir='ltr'>ut</span> <span class='ocrx_word' id='word_1_87' title='bbox 1005 709 1147 744; x_wconf 87' lang='lat' dir='ltr'>tuum</span> <span class='ocrx_word' id='word_1_88' title='bbox 1174 716 1383 757; x_wconf 85' lang='lat' dir='ltr'>quoque</span> 
     </span>
     <span class='ocr_line' id='line_1_13' title="bbox 72 757 1385 812; baseline 0.002 -16"><span class='ocrx_word' id='word_1_89' title='bbox 72 757 344 798; x_wconf 90' lang='lat' dir='ltr'>inimicum</span> <span class='ocrx_word' id='word_1_90' title='bbox 371 758 595 812; x_wconf 81' lang='lat' dir='ltr'>diligas,</span> <span class='ocrx_word' id='word_1_91' title='bbox 628 765 672 798; x_wconf 88' lang='lat' dir='ltr'>et</span> <span class='ocrx_word' id='word_1_92' title='bbox 697 760 760 808; x_wconf 86' lang='lat' dir='ltr'>ei,</span> <span class='ocrx_word' id='word_1_93' title='bbox 796 759 870 812; x_wconf 93' lang='lat' dir='ltr'>qui</span> <span class='ocrx_word' id='word_1_94' title='bbox 895 760 977 800; x_wconf 90' lang='lat' dir='ltr'>tibi</span> <span class='ocrx_word' id='word_1_95' title='bbox 1003 761 1167 800; x_wconf 86' lang='lat' dir='ltr'>malum</span> <span class='ocrx_word' id='word_1_96' title='bbox 1186 760 1302 808; x_wconf 73' lang='lat' dir='ltr'>vult,</span> <span class='ocrx_word' id='word_1_97' title='bbox 1339 764 1385 799; x_wconf 86' lang='lat' dir='ltr'>et</span> 
     </span>
     <span class='ocr_line' id='line_1_14' title="bbox 74 813 1384 868; baseline 0.002 -16"><span class='ocrx_word' id='word_1_98' title='bbox 74 814 112 853; x_wconf 83' lang='lat' dir='ltr'>si</span> <span class='ocrx_word' id='word_1_99' title='bbox 144 819 295 867; x_wconf 84' lang='lat' dir='ltr'>potest</span> <span class='ocrx_word' id='word_1_100' title='bbox 326 813 453 864; x_wconf 79' lang='lat' dir='ltr'>facit,</span> <span class='ocrx_word' id='word_1_101' title='bbox 491 821 541 854; x_wconf 88' lang='lat' dir='ltr'>tu</span> <span class='ocrx_word' id='word_1_102' title='bbox 572 815 738 854; x_wconf 85' lang='lat' dir='ltr'>bonum</span> <span class='ocrx_word' id='word_1_103' title='bbox 773 827 950 867; x_wconf 83' lang='lat' dir='ltr'>semper</span> <span class='ocrx_word' id='word_1_104' title='bbox 981 816 1112 865; x_wconf 79' lang='lat' dir='ltr'>velis,</span> <span class='ocrx_word' id='word_1_105' title='bbox 1146 815 1384 868; x_wconf 87' lang='lat' dir='ltr'>faciasque</span> 
     </span>
     <span class='ocr_line' id='line_1_15' title="bbox 75 869 1384 925; baseline 0.003 -18"><span class='ocrx_word' id='word_1_106' title='bbox 75 870 194 921; x_wconf 79' lang='lat' dir='ltr'>quod</span> <span class='ocrx_word' id='word_1_107' title='bbox 221 871 444 922; x_wconf 79' lang='lat' dir='ltr'>possis2),</span> <span class='ocrx_word' id='word_1_108' title='bbox 478 870 664 910; x_wconf 84' lang='lat' dir='ltr'>audiens</span> <span class='ocrx_word' id='word_1_109' title='bbox 691 871 914 910; x_wconf 77' lang='lat' dir='ltr'>dicentem</span> <span class='ocrx_word' id='word_1_110' title='bbox 935 871 1158 919; x_wconf 55' lang='lat' dir='ltr'>Donum:</span> <span class='ocrx_word' id='word_1_111' title='bbox 1193 869 1384 925; x_wconf 79' lang='lat' dir='ltr'>Diligite</span> 
     </span>
     <span class='ocr_line' id='line_1_16' title="bbox 72 924 1385 981; baseline 0.003 -18"><span class='ocrx_word' id='word_1_112' title='bbox 72 924 269 964; x_wconf 78' lang='lat' dir='ltr'>inimicos</span> <span class='ocrx_word' id='word_1_113' title='bbox 299 932 480 975; x_wconf 78' lang='lat' dir='ltr'>vestros,</span> <span class='ocrx_word' id='word_1_114' title='bbox 515 926 617 966; x_wconf 81' lang='lat' dir='ltr'>bene</span> <span class='ocrx_word' id='word_1_115' title='bbox 631 925 779 981; x_wconf 80' lang='lat' dir='ltr'>facite</span> <span class='ocrx_word' id='word_1_116' title='bbox 805 926 881 974; x_wconf 80' lang='lat' dir='ltr'>eis,</span> <span class='ocrx_word' id='word_1_117' title='bbox 916 927 1082 979; x_wconf 82' lang='lat' dir='ltr'>quivos</span> <span class='ocrx_word' id='word_1_118' title='bbox 1109 927 1311 976; x_wconf 79' lang='lat' dir='ltr'>oderunt,</span> <span class='ocrx_word' id='word_1_119' title='bbox 1342 933 1385 967; x_wconf 83' lang='lat' dir='ltr'>et</span> 
     </span>
     <span class='ocr_line' id='line_1_17' title="bbox 74 981 1381 1036; baseline 0.002 -17"><span class='ocrx_word' id='word_1_120' title='bbox 74 988 197 1020; x_wconf 77' lang='lat' dir='ltr'>orate</span> <span class='ocrx_word' id='word_1_121' title='bbox 212 994 296 1033; x_wconf 75' lang='lat' dir='ltr'>pro</span> <span class='ocrx_word' id='word_1_122' title='bbox 323 981 399 1030; x_wconf 82' lang='lat' dir='ltr'>eis,</span> <span class='ocrx_word' id='word_1_123' title='bbox 427 981 500 1035; x_wconf 79' lang='lat' dir='ltr'>qui</span> <span class='ocrx_word' id='word_1_124' title='bbox 522 995 591 1021; x_wconf 78' lang='lat' dir='ltr'>vos</span> <span class='ocrx_word' id='word_1_125' title='bbox 610 983 999 1035; x_wconf 68' lang='lat' dir='ltr'>persequuntur.⁴)</span> <span class='ocrx_word' id='word_1_126' title='bbox 1061 982 1150 1023; x_wconf 83' lang='lat' dir='ltr'>Sed</span> <span class='ocrx_word' id='word_1_127' title='bbox 1171 983 1381 1036; x_wconf 85' lang='lat' dir='ltr'>quoniam</span> 
     </span>
     <span class='ocr_line' id='line_1_18' title="bbox 74 1035 1381 1092; baseline 0.002 -17"><span class='ocrx_word' id='word_1_128' title='bbox 74 1035 377 1088; x_wconf 76' lang='lat' dir='ltr'>perfectorum</span> <span class='ocrx_word' id='word_1_129' title='bbox 405 1043 508 1076; x_wconf 87' lang='lat' dir='ltr'>sunt</span> <span class='ocrx_word' id='word_1_130' title='bbox 532 1039 621 1077; x_wconf 84' lang='lat' dir='ltr'>ista</span> <span class='ocrx_word' id='word_1_131' title='bbox 645 1038 838 1077; x_wconf 82' lang='lat' dir='ltr'>filiorum</span> <span class='ocrx_word' id='word_1_132' title='bbox 864 1038 971 1088; x_wconf 83' lang='lat' dir='ltr'>Dei,</span> <span class='ocrx_word' id='word_1_133' title='bbox 1007 1052 1094 1092; x_wconf 86' lang='lat' dir='ltr'>quo</span> <span class='ocrx_word' id='word_1_134' title='bbox 1128 1039 1307 1092; x_wconf 90' lang='lat' dir='ltr'>quidem</span> <span class='ocrx_word' id='word_1_135' title='bbox 1332 1050 1381 1078; x_wconf 89' lang='lat' dir='ltr'>se</span> 
     </span>
     <span class='ocr_line' id='line_1_19' title="bbox 73 1093 1382 1141; baseline 0.002 -11"><span class='ocrx_word' id='word_1_136' title='bbox 73 1093 208 1132; x_wconf 70' lang='lat' dir='ltr'>debet</span> <span class='ocrx_word' id='word_1_137' title='bbox 230 1093 372 1131; x_wconf 89' lang='lat' dir='ltr'>omnis</span> <span class='ocrx_word' id='word_1_138' title='bbox 393 1094 537 1133; x_wconf 79' lang='lat' dir='ltr'>fidelis</span> <span class='ocrx_word' id='word_1_139' title='bbox 558 1095 824 1141; x_wconf 59' lang='lat' dir='ltr'>extendere,</span> <span class='ocrx_word' id='word_1_140' title='bbox 866 1100 910 1134; x_wconf 70' lang='lat' dir='ltr'>et</span> <span class='ocrx_word' id='word_1_141' title='bbox 930 1093 1166 1134; x_wconf 82' lang='lat' dir='ltr'>humanum</span> <span class='ocrx_word' id='word_1_142' title='bbox 1187 1095 1382 1134; x_wconf 88' lang='lat' dir='ltr'>animum</span> 
     </span>
     <span class='ocr_line' id='line_1_20' title="bbox 74 1147 1380 1203; baseline 0.002 -15"><span class='ocrx_word' id='word_1_143' title='bbox 74 1148 129 1188; x_wconf 82' lang='lat' dir='ltr'>ad</span> <span class='ocrx_word' id='word_1_144' title='bbox 158 1147 272 1187; x_wconf 82' lang='lat' dir='ltr'>hunc</span> <span class='ocrx_word' id='word_1_145' title='bbox 297 1148 522 1188; x_wconf 78' lang='lat' dir='ltr'>adfectum</span> <span class='ocrx_word' id='word_1_146' title='bbox 550 1150 719 1188; x_wconf 85' lang='lat' dir='ltr'>orando</span> <span class='ocrx_word' id='word_1_147' title='bbox 748 1149 888 1189; x_wconf 80' lang='lat' dir='ltr'>Deum</span> <span class='ocrx_word' id='word_1_148' title='bbox 927 1162 1169 1203; x_wconf 78' lang='lat' dir='ltr'>secumque</span> <span class='ocrx_word' id='word_1_149' title='bbox 1201 1151 1380 1203; x_wconf 85' lang='lat' dir='ltr'>agendo</span> 
     </span>
     <span class='ocr_line' id='line_1_21' title="bbox 73 1203 1381 1258; baseline 0.002 -16"><span class='ocrx_word' id='word_1_150' title='bbox 73 1203 375 1257; x_wconf 79' lang='lat' dir='ltr'>luctandoque</span> <span class='ocrx_word' id='word_1_151' title='bbox 405 1205 671 1257; x_wconf 81' lang='lat' dir='ltr'>perducere3</span> <span class='ocrx_word' id='word_1_152' title='bbox 719 1211 893 1254; x_wconf 81' lang='lat' dir='ltr'>tamen,</span> <span class='ocrx_word' id='word_1_153' title='bbox 931 1206 1035 1258; x_wconf 83' lang='lat' dir='ltr'>quia</span> <span class='ocrx_word' id='word_1_154' title='bbox 1060 1204 1146 1245; x_wconf 85' lang='lat' dir='ltr'>hoc</span> <span class='ocrx_word' id='word_1_155' title='bbox 1173 1212 1262 1246; x_wconf 83' lang='lat' dir='ltr'>tam</span> <span class='ocrx_word' id='word_1_156' title='bbox 1291 1219 1381 1245; x_wconf 85' lang='lat' dir='ltr'>ma·</span> 
     </span>
     <span class='ocr_line' id='line_1_22' title="bbox 73 1259 1380 1314; baseline 0.002 -15"><span class='ocrx_word' id='word_1_157' title='bbox 73 1272 208 1313; x_wconf 77' lang='lat' dir='ltr'>gnum</span> <span class='ocrx_word' id='word_1_158' title='bbox 231 1259 392 1299; x_wconf 88' lang='lat' dir='ltr'>bonum</span> <span class='ocrx_word' id='word_1_159' title='bbox 419 1267 570 1300; x_wconf 79' lang='lat' dir='ltr'>tantae</span> <span class='ocrx_word' id='word_1_160' title='bbox 596 1261 896 1300; x_wconf 82' lang='lat' dir='ltr'>multitudinis</span> <span class='ocrx_word' id='word_1_161' title='bbox 921 1275 1009 1300; x_wconf 90' lang='lat' dir='ltr'>non</span> <span class='ocrx_word' id='word_1_162' title='bbox 1039 1267 1125 1310; x_wconf 85' lang='lat' dir='ltr'>est,</span> <span class='ocrx_word' id='word_1_163' title='bbox 1171 1268 1380 1314; x_wconf 82' lang='lat' dir='ltr'>quantam</span> 
     </span>
     <span class='ocr_line' id='line_1_23' title="bbox 74 1315 1381 1370; baseline 0.001 -15"><span class='ocrx_word' id='word_1_164' title='bbox 74 1316 296 1355; x_wconf 82' lang='lat' dir='ltr'>credimus</span> <span class='ocrx_word' id='word_1_165' title='bbox 316 1317 543 1365; x_wconf 77' lang='lat' dir='ltr'>exaudiri,</span> <span class='ocrx_word' id='word_1_166' title='bbox 573 1330 704 1368; x_wconf 89' lang='lat' dir='ltr'>quum</span> <span class='ocrx_word' id='word_1_167' title='bbox 726 1317 766 1355; x_wconf 91' lang='lat' dir='ltr'>in</span> <span class='ocrx_word' id='word_1_168' title='bbox 789 1317 995 1356; x_wconf 79' lang='lat' dir='ltr'>oratione</span> <span class='ocrx_word' id='word_1_169' title='bbox 1019 1315 1288 1370; x_wconf 81' lang='lat' dir='ltr'>[dominica]</span> <span class='ocrx_word' id='word_1_170' title='bbox 1317 1318 1381 1358; x_wconf 87' lang='lat' dir='ltr'>di-</span> 
     </span>
     <span class='ocr_line' id='line_1_24' title="bbox 74 1370 1380 1421; baseline 0.002 -11"><span class='ocrx_word' id='word_1_171' title='bbox 74 1372 265 1420; x_wconf 80' lang='lat' dir='ltr'>citur⁵):</span> <span class='ocrx_word' id='word_1_172' title='bbox 315 1370 495 1412; x_wconf 78' lang='lat' dir='ltr'>Dimitte</span> <span class='ocrx_word' id='word_1_173' title='bbox 529 1371 649 1411; x_wconf 73' lang='lat' dir='ltr'>nobis</span> <span class='ocrx_word' id='word_1_174' title='bbox 683 1371 824 1411; x_wconf 79' lang='lat' dir='ltr'>debita</span> <span class='ocrx_word' id='word_1_175' title='bbox 857 1379 1028 1421; x_wconf 72' lang='lat' dir='ltr'>nostra,</span> <span class='ocrx_word' id='word_1_176' title='bbox 1078 1372 1190 1413; x_wconf 82' lang='lat' dir='ltr'>sicut</span> <span class='ocrx_word' id='word_1_177' title='bbox 1228 1380 1271 1413; x_wconf 85' lang='lat' dir='ltr'>et</span> <span class='ocrx_word' id='word_1_178' title='bbox 1303 1385 1380 1412; x_wconf 76' lang='lat'>7103</span> 
     </span>
     <span class='ocr_line' id='line_1_25' title="bbox 72 1427 1381 1480; baseline 0.002 -15"><span class='ocrx_word' id='word_1_179' title='bbox 72 1427 323 1466; x_wconf 75' lang='lat' dir='ltr'>dimittimus</span> <span class='ocrx_word' id='word_1_180' title='bbox 360 1427 621 1467; x_wconf 72' lang='lat' dir='ltr'>debitoribus</span> <span class='ocrx_word' id='word_1_181' title='bbox 655 1427 833 1476; x_wconf 78' lang='lat' dir='ltr'>nostris,</span> <span class='ocrx_word' id='word_1_182' title='bbox 880 1428 1038 1480; x_wconf 79' lang='lat' dir='ltr'>procul</span> <span class='ocrx_word' id='word_1_183' title='bbox 1071 1428 1206 1468; x_wconf 88' lang='lat' dir='ltr'>dubio</span> <span class='ocrx_word' id='word_1_184' title='bbox 1242 1429 1381 1469; x_wconf 75' lang='lat' dir='ltr'>verba</span> 
     </span>
     <span class='ocr_line' id='line_1_26' title="bbox 72 1482 1379 1537; baseline 0.002 -16"><span class='ocrx_word' id='word_1_185' title='bbox 72 1483 329 1534; x_wconf 76' lang='lat' dir='ltr'>sponsionis</span> <span class='ocrx_word' id='word_1_186' title='bbox 361 1482 490 1523; x_wconf 86' lang='lat' dir='ltr'>huius</span> <span class='ocrx_word' id='word_1_187' title='bbox 516 1484 776 1535; x_wconf 80' lang='lat' dir='ltr'>implentur,</span> <span class='ocrx_word' id='word_1_188' title='bbox 813 1484 848 1523; x_wconf 88' lang='lat' dir='ltr'>si</span> <span class='ocrx_word' id='word_1_189' title='bbox 880 1482 1041 1533; x_wconf 88' lang='lat' dir='ltr'>homo,</span> <span class='ocrx_word' id='word_1_190' title='bbox 1077 1487 1151 1537; x_wconf 91' lang='lat' dir='ltr'>qui</span> <span class='ocrx_word' id='word_1_191' title='bbox 1181 1485 1379 1524; x_wconf 85' lang='lat' dir='ltr'>nondum</span> 
     </span>
     <span class='ocr_line' id='line_1_27' title="bbox 70 1538 1378 1593; baseline 0.002 -17"><span class='ocrx_word' id='word_1_192' title='bbox 70 1538 134 1577; x_wconf 82' lang='lat' dir='ltr'>ita</span> <span class='ocrx_word' id='word_1_193' title='bbox 154 1538 365 1590; x_wconf 81' lang='lat' dir='ltr'>profecit,</span> <span class='ocrx_word' id='word_1_194' title='bbox 394 1540 544 1578; x_wconf 84' lang='lat' dir='ltr'>utiam</span> <span class='ocrx_word' id='word_1_195' title='bbox 565 1540 725 1592; x_wconf 85' lang='lat' dir='ltr'>diligat</span> <span class='ocrx_word' id='word_1_196' title='bbox 750 1539 997 1588; x_wconf 85' lang='lat' dir='ltr'>inimicum,</span> <span class='ocrx_word' id='word_1_197' title='bbox 1030 1545 1178 1579; x_wconf 84' lang='lat' dir='ltr'>tamen</span> <span class='ocrx_word' id='word_1_198' title='bbox 1200 1540 1378 1593; x_wconf 78' lang='lat' dir='ltr'>quando</span> 
     </span>
     <span class='ocr_line' id='line_1_28' title="bbox 74 1593 1378 1648; baseline 0.002 -15"><span class='ocrx_word' id='word_1_199' title='bbox 74 1600 260 1644; x_wconf 70' lang='lat' dir='ltr'>rogatur</span> <span class='ocrx_word' id='word_1_200' title='bbox 278 1594 331 1633; x_wconf 86' lang='lat' dir='ltr'>ab</span> <span class='ocrx_word' id='word_1_201' title='bbox 351 1593 551 1644; x_wconf 79' lang='lat' dir='ltr'>homine,</span> <span class='ocrx_word' id='word_1_202' title='bbox 577 1595 648 1648; x_wconf 86' lang='lat' dir='ltr'>qui</span> <span class='ocrx_word' id='word_1_203' title='bbox 671 1596 875 1648; x_wconf 78' lang='lat' dir='ltr'>peccavit</span> <span class='ocrx_word' id='word_1_204' title='bbox 893 1596 936 1634; x_wconf 95' lang='lat' dir='ltr'>in</span> <span class='ocrx_word' id='word_1_205' title='bbox 958 1608 1080 1644; x_wconf 88' lang='lat' dir='ltr'>eum,</span> <span class='ocrx_word' id='word_1_206' title='bbox 1104 1602 1153 1635; x_wconf 88' lang='lat' dir='ltr'>ut</span> <span class='ocrx_word' id='word_1_207' title='bbox 1172 1596 1211 1635; x_wconf 85' lang='lat' dir='ltr'>ei</span> <span class='ocrx_word' id='word_1_208' title='bbox 1233 1596 1378 1636; x_wconf 87' lang='lat' dir='ltr'>dimit-</span> 
     </span>
     <span class='ocr_line' id='line_1_29' title="bbox 72 1650 1379 1705; baseline 0.002 -16"><span class='ocrx_word' id='word_1_209' title='bbox 72 1657 156 1697; x_wconf 76' lang='lat' dir='ltr'>tat,</span> <span class='ocrx_word' id='word_1_210' title='bbox 183 1650 369 1690; x_wconf 88' lang='lat' dir='ltr'>dimittit</span> <span class='ocrx_word' id='word_1_211' title='bbox 389 1663 441 1690; x_wconf 81' lang='lat' dir='ltr'>ex</span> <span class='ocrx_word' id='word_1_212' title='bbox 462 1650 620 1700; x_wconf 84' lang='lat' dir='ltr'>corde,</span> <span class='ocrx_word' id='word_1_213' title='bbox 647 1652 751 1704; x_wconf 85' lang='lat' dir='ltr'>quia</span> <span class='ocrx_word' id='word_1_214' title='bbox 771 1651 905 1690; x_wconf 82' lang='lat' dir='ltr'>etiam</span> <span class='ocrx_word' id='word_1_215' title='bbox 920 1651 1005 1690; x_wconf 89' lang='lat' dir='ltr'>sibi</span> <span class='ocrx_word' id='word_1_216' title='bbox 1025 1652 1204 1705; x_wconf 81' lang='lat' dir='ltr'>roganti</span> <span class='ocrx_word' id='word_1_217' title='bbox 1224 1652 1379 1703; x_wconf 85' lang='lat' dir='ltr'>utique</span> 
     </span>
     <span class='ocr_line' id='line_1_30' title="bbox 71 1705 1376 1759; baseline 0.003 -17"><span class='ocrx_word' id='word_1_218' title='bbox 71 1705 165 1744; x_wconf 66' lang='lat' dir='ltr'>vult</span> <span class='ocrx_word' id='word_1_219' title='bbox 184 1706 362 1754; x_wconf 89' lang='lat' dir='ltr'>dimitti,</span> <span class='ocrx_word' id='word_1_220' title='bbox 393 1719 525 1759; x_wconf 87' lang='lat' dir='ltr'>quum</span> <span class='ocrx_word' id='word_1_221' title='bbox 548 1712 661 1756; x_wconf 88' lang='lat' dir='ltr'>orat,</span> <span class='ocrx_word' id='word_1_222' title='bbox 689 1712 733 1745; x_wconf 92' lang='lat' dir='ltr'>et</span> <span class='ocrx_word' id='word_1_223' title='bbox 754 1706 880 1747; x_wconf 87' lang='lat' dir='ltr'>dicit:</span> <span class='ocrx_word' id='word_1_224' title='bbox 916 1706 1029 1746; x_wconf 78' lang='lat' dir='ltr'>sicut</span> <span class='ocrx_word' id='word_1_225' title='bbox 1044 1714 1086 1746; x_wconf 84' lang='lat' dir='ltr'>et</span> <span class='ocrx_word' id='word_1_226' title='bbox 1102 1720 1178 1747; x_wconf 80' lang='lat' dir='ltr'>nos</span> <span class='ocrx_word' id='word_1_227' title='bbox 1199 1707 1376 1747; x_wconf 83' lang='lat' dir='ltr'>dimitti-</span> 
     </span>
     <span class='ocr_line' id='line_1_31' title="bbox 71 1761 1377 1811; baseline 0.001 -11"><span class='ocrx_word' id='word_1_228' title='bbox 71 1774 161 1800; x_wconf 77' lang='lat' dir='ltr'>mus</span> <span class='ocrx_word' id='word_1_229' title='bbox 181 1761 441 1801; x_wconf 72' lang='lat' dir='ltr'>debitoribus</span> <span class='ocrx_word' id='word_1_230' title='bbox 462 1761 632 1811; x_wconf 73' lang='lat' dir='ltr'>nostris,</span> <span class='ocrx_word' id='word_1_231' title='bbox 660 1762 705 1801; x_wconf 85' lang='lat' dir='ltr'>id</span> <span class='ocrx_word' id='word_1_232' title='bbox 725 1767 814 1802; x_wconf 88' lang='lat' dir='ltr'>est:</span> <span class='ocrx_word' id='word_1_233' title='bbox 849 1762 914 1802; x_wconf 89' lang='lat' dir='ltr'>sic</span> <span class='ocrx_word' id='word_1_234' title='bbox 933 1762 1107 1802; x_wconf 83' lang='lat' dir='ltr'>dimitte</span> <span class='ocrx_word' id='word_1_235' title='bbox 1129 1763 1282 1803; x_wconf 78' lang='lat' dir='ltr'>debita</span> <span class='ocrx_word' id='word_1_236' title='bbox 1302 1776 1377 1802; x_wconf 84' lang='lat' dir='ltr'>no-</span> 
     </span>
     <span class='ocr_line' id='line_1_32' title="bbox 72 1818 1376 1872; baseline 0.002 -16"><span class='ocrx_word' id='word_1_237' title='bbox 72 1825 165 1856; x_wconf 78' lang='lat' dir='ltr'>stra</span> <span class='ocrx_word' id='word_1_238' title='bbox 182 1818 446 1870; x_wconf 83' lang='lat' dir='ltr'>rogantibus</span> <span class='ocrx_word' id='word_1_239' title='bbox 465 1818 609 1866; x_wconf 78' lang='lat' dir='ltr'>nobis,</span> <span class='ocrx_word' id='word_1_240' title='bbox 629 1819 746 1858; x_wconf 85' lang='lat' dir='ltr'>sicut</span> <span class='ocrx_word' id='word_1_241' title='bbox 765 1823 809 1858; x_wconf 90' lang='lat' dir='ltr'>et</span> <span class='ocrx_word' id='word_1_242' title='bbox 828 1831 910 1859; x_wconf 86' lang='lat' dir='ltr'>nos</span> <span class='ocrx_word' id='word_1_243' title='bbox 931 1818 1195 1859; x_wconf 85' lang='lat' dir='ltr'>dimittimus</span> <span class='ocrx_word' id='word_1_244' title='bbox 1215 1832 1376 1872; x_wconf 82' lang='lat' dir='ltr'>rogan-</span> 
     </span>
     <span class='ocr_line' id='line_1_33' title="bbox 70 1872 691 1913; baseline 0.003 -2"><span class='ocrx_word' id='word_1_245' title='bbox 70 1872 190 1912; x_wconf 86' lang='lat' dir='ltr'>tibus</span> <span class='ocrx_word' id='word_1_246' title='bbox 212 1873 491 1913; x_wconf 83' lang='lat' dir='ltr'>debitoribus</span> <span class='ocrx_word' id='word_1_247' title='bbox 512 1875 691 1913; x_wconf 89' lang='lat' dir='ltr'>nostris.</span> 
     </span>
    </p>
   </div>
   <div class='ocr_carea' id='block_1_3' title="bbox 69 1976 1428 2208">
    <p class='ocr_par' dir='ltr' id='par_1_4' title="bbox 69 1976 1428 2208">
     <span class='ocr_line' id='line_1_34' title="bbox 123 1976 1376 2022; baseline 0.003 -14"><span class='ocrx_word' id='word_1_248' title='bbox 123 1977 156 2017; x_wconf 86' lang='lat'>1)</span> <span class='ocrx_word' id='word_1_249' title='bbox 179 1976 235 2009; x_wconf 92' lang='lat' dir='ltr'>Cf.</span> <span class='ocrx_word' id='word_1_250' title='bbox 254 1977 355 2009; x_wconf 82' lang='lat' dir='ltr'>Rom.</span> <span class='ocrx_word' id='word_1_251' title='bbox 379 1982 434 2015; x_wconf 80' lang='lat'>12,</span> <span class='ocrx_word' id='word_1_252' title='bbox 458 1980 495 2011; x_wconf 84' lang='grc' dir='ltr'>Π</span> <span class='ocrx_word' id='word_1_253' title='bbox 528 1990 575 2011; x_wconf 84' lang='lat' dir='ltr'>ss.</span> <span class='ocrx_word' id='word_1_254' title='bbox 618 1977 750 2012; x_wconf 76' lang='lat' dir='ltr'>matth.</span> <span class='ocrx_word' id='word_1_255' title='bbox 769 1980 804 2017; x_wconf 91' lang='lat'>5,</span> <span class='ocrx_word' id='word_1_256' title='bbox 824 1981 879 2011; x_wconf 75' lang='lat'>44.</span> <span class='ocrx_word' id='word_1_257' title='bbox 896 1990 944 2011; x_wconf 85' lang='lat' dir='ltr'>ss.</span> <span class='ocrx_word' id='word_1_258' title='bbox 994 1978 1031 2021; x_wconf 83' lang='lat'>2)</span> <span class='ocrx_word' id='word_1_259' title='bbox 1053 1977 1115 2011; x_wconf 88' lang='lat' dir='ltr'>Sic</span> <span class='ocrx_word' id='word_1_260' title='bbox 1133 1979 1169 2010; x_wconf 90' lang='lat' dir='ltr'>in</span> <span class='ocrx_word' id='word_1_261' title='bbox 1189 1977 1376 2022; x_wconf 83' lang='lat' dir='ltr'>plerisque</span> 
     </span>
     <span class='ocr_line' id='line_1_35' title="bbox 72 2022 1375 2067; baseline 0.002 -13"><span class='ocrx_word' id='word_1_262' title='bbox 72 2022 179 2062; x_wconf 78' lang='lat' dir='ltr'>Mss.;</span> <span class='ocrx_word' id='word_1_263' title='bbox 199 2022 262 2054; x_wconf 81' lang='lat' dir='ltr'>al.:</span> <span class='ocrx_word' id='word_1_264' title='bbox 282 2036 387 2066; x_wconf 74' lang='lat' dir='ltr'>quum</span> <span class='ocrx_word' id='word_1_265' title='bbox 403 2024 532 2067; x_wconf 70' lang='lat' dir='ltr'>passis.</span> <span class='ocrx_word' id='word_1_266' title='bbox 582 2026 618 2063; x_wconf 83' lang='lat'>3)</span> <span class='ocrx_word' id='word_1_267' title='bbox 638 2024 695 2056; x_wconf 78' lang='lat' dir='ltr'>lta</span> <span class='ocrx_word' id='word_1_268' title='bbox 714 2024 848 2066; x_wconf 77' lang='lat' dir='ltr'>legitor</span> <span class='ocrx_word' id='word_1_269' title='bbox 867 2026 902 2056; x_wconf 89' lang='lat' dir='ltr'>in</span> <span class='ocrx_word' id='word_1_270' title='bbox 923 2026 1022 2063; x_wconf 56' lang='lat' dir='ltr'>Mss„</span> <span class='ocrx_word' id='word_1_271' title='bbox 1042 2036 1190 2067; x_wconf 74' lang='lat' dir='ltr'>quornm</span> <span class='ocrx_word' id='word_1_272' title='bbox 1208 2024 1375 2058; x_wconf 81' lang='lat' dir='ltr'>nonnulli</span> 
     </span>
     <span class='ocr_line' id='line_1_36' title="bbox 73 2066 1428 2114; baseline 0.003 -15"><span class='ocrx_word' id='word_1_273' title='bbox 73 2066 152 2100; x_wconf 76' lang='lat' dir='ltr'>loco</span> <span class='ocrx_word' id='word_1_274' title='bbox 170 2080 246 2101; x_wconf 64' lang='lat' dir='ltr'>voc.</span> <span class='ocrx_word' id='word_1_275' title='bbox 267 2069 378 2102; x_wconf 81' lang='lat' dir='ltr'>Deum</span> <span class='ocrx_word' id='word_1_276' title='bbox 399 2070 579 2102; x_wconf 72' lang='lat' dir='ltr'>exhibent</span> <span class='ocrx_word' id='word_1_277' title='bbox 599 2070 730 2103; x_wconf 71' lang='lat' dir='ltr'>lesum.</span> <span class='ocrx_word' id='word_1_278' title='bbox 781 2070 853 2104; x_wconf 78' lang='lat' dir='ltr'>Sed</span> <span class='ocrx_word' id='word_1_279' title='bbox 875 2072 910 2103; x_wconf 89' lang='lat' dir='ltr'>in</span> <span class='ocrx_word' id='word_1_280' title='bbox 930 2071 1014 2103; x_wconf 79' lang='lat' dir='ltr'>edd.</span> <span class='ocrx_word' id='word_1_281' title='bbox 1035 2072 1109 2108; x_wconf 88' lang='lat' dir='ltr'>Er.,</span> <span class='ocrx_word' id='word_1_282' title='bbox 1137 2071 1241 2108; x_wconf 53' lang='lat' dir='ltr'>Lon,</span> <span class='ocrx_word' id='word_1_283' title='bbox 1268 2071 1376 2103; x_wconf 44' lang='lat' dir='ltr'>Arna</span> <span class='ocrx_word' id='word_1_284' title='bbox 1425 2111 1428 2114; x_wconf 14' lang='grc' dir='ltr'>ὴ</span> 
     </span>
     <span class='ocr_line' id='line_1_37' title="bbox 72 2113 1373 2161; baseline 0.002 -16"><span class='ocrx_word' id='word_1_285' title='bbox 72 2113 171 2147; x_wconf 82' lang='lat' dir='ltr'>illius</span> <span class='ocrx_word' id='word_1_286' title='bbox 190 2126 327 2147; x_wconf 72' lang='lat' dir='ltr'>memor</span> <span class='ocrx_word' id='word_1_287' title='bbox 344 2116 518 2160; x_wconf 59' lang='lat' dir='ltr'>(arwaldi,</span> <span class='ocrx_word' id='word_1_288' title='bbox 546 2116 656 2160; x_wconf 78' lang='lat' dir='ltr'>quiin</span> <span class='ocrx_word' id='word_1_289' title='bbox 675 2127 777 2149; x_wconf 79' lang='lat' dir='ltr'>cruce</span> <span class='ocrx_word' id='word_1_290' title='bbox 790 2120 949 2161; x_wconf 66' lang='lat' dir='ltr'>pendens</span> <span class='ocrx_word' id='word_1_291' title='bbox 963 2127 1033 2159; x_wconf 72' lang='lat' dir='ltr'>pra</span> <span class='ocrx_word' id='word_1_292' title='bbox 1053 2116 1123 2149; x_wconf 78' lang='lat' dir='ltr'>suis</span> <span class='ocrx_word' id='word_1_293' title='bbox 1142 2122 1275 2150; x_wconf 57' lang='lat' dir='ltr'>‹ni-oruc</span> <span class='ocrx_word' id='word_1_294' title='bbox 1291 2128 1373 2160; x_wconf 76' lang='lat' dir='ltr'>per-</span> 
     </span>
     <span class='ocr_line' id='line_1_38' title="bbox 69 2161 1363 2208; baseline 0.002 -15"><span class='ocrx_word' id='word_1_295' title='bbox 69 2161 303 2202; x_wconf 77' lang='lat' dir='ltr'>secutoribus,</span> <span class='ocrx_word' id='word_1_296' title='bbox 322 2173 470 2208; x_wconf 55' lang='lat' dir='ltr'>suasum:</span> <span class='ocrx_word' id='word_1_297' title='bbox 488 2162 679 2196; x_wconf 65' lang='lat' dir='ltr'>uduumuit</span> <span class='ocrx_word' id='word_1_298' title='bbox 691 2162 819 2196; x_wconf 73' lang='lat' dir='ltr'>(licen-s.</span> <span class='ocrx_word' id='word_1_299' title='bbox 852 2164 889 2206; x_wconf 82' lang='lat'>4)</span> <span class='ocrx_word' id='word_1_300' title='bbox 902 2164 1030 2201; x_wconf 52' lang='lat' dir='ltr'>Mans„</span> <span class='ocrx_word' id='word_1_301' title='bbox 1043 2166 1098 2196; x_wconf 69' lang='lat'>44.</span> <span class='ocrx_word' id='word_1_302' title='bbox 1125 2167 1162 2206; x_wconf 74' lang='grc' dir='ltr'>ὃ)</span> <span class='ocrx_word' id='word_1_303' title='bbox 1178 2165 1265 2196; x_wconf 76' lang='lat' dir='ltr'>Mat.</span> <span class='ocrx_word' id='word_1_304' title='bbox 1277 2166 1308 2202; x_wconf 82' lang='lat'>6,</span> <span class='ocrx_word' id='word_1_305' title='bbox 1326 2169 1363 2197; x_wconf 71' lang='lat'>¹2</span> 
     </span>
    </p>
   </div>
  </div>
 </body>
</html>
