1503 2465
151 126 227 165 182
511 123 746 164 AURELII
777 122 1095 164 AUGUSTINI

152 210 264 249 culis
284 220 364 261 per
382 206 589 261 angelum
610 207 826 246 liberatus
842 209 852 233 ¹
866 210 905 256 )3
926 213 1002 247 aut
1019 207 1062 247 in
1082 208 1191 261 ipsis
1209 208 1343 248 rebus
1360 220 1455 247 cor-

150 265 300 318 poreis
342 264 442 302 lene
476 268 656 316 putatur
689 275 809 311 esse,
853 262 973 314 quod
1013 275 1218 315 asperum
1250 270 1343 312 est,
1379 270 1456 303 aut

151 321 302 367 dulce,
333 318 451 371 quod
471 331 667 357 amarum
688 324 776 366 est,
804 324 879 356 aut
899 318 1012 357 bene
1032 319 1176 368 olere,
1203 318 1320 371 quod
1341 319 1454 370 puti-

152 377 253 415 dum
273 379 360 421 est,
396 378 472 412 aut
490 379 669 421 tonare,
704 386 835 425 quum
858 372 997 412 rheda
1013 375 1193 422 transit,
1228 380 1305 413 aut
1326 374 1453 412 iilum

151 442 252 469 esse
275 428 513 477 hominem,
540 441 671 480 quum
692 429 806 467 alius
826 430 906 477 sit,
932 429 1108 481 quando
1130 430 1216 469 duo
1238 429 1455 469 simillimi

151 486 235 524 sibi
260 491 380 532 sunt,
417 484 535 536 quod
556 485 599 522 in
619 484 811 536 geminis
833 496 966 537 saepe
986 486 1209 538 contingit
1228 484 1363 530 (unde
1391 485 1454 522 ait

149 542 227 579 iiie
244 542 306 589 2):
334 546 615 592 „gratusque
637 539 895 590 parentibus
916 541 1123 589 error“)‚
1158 546 1202 579 et
1221 546 1372 579 cetera
1389 545 1453 578 ta-

150 596 213 635 lia
240 596 374 634 etiam
400 601 588 646 peccata
608 594 797 633 dicenda
816 596 917 633 sint.
976 594 1071 634 Nec
1090 596 1293 647 quaestio
1316 595 1455 633 nodo-

151 651 352 698 sissima,
381 662 493 702 quae
518 648 720 689 homines
748 649 1033 689 acutissimos
1052 651 1345 690 Academicos
1366 655 1456 688 tor-

151 707 232 752 sit,
258 718 372 744 nunc
393 704 499 744 mihi
519 705 755 744 enodanda
772 710 983 757 suscepta
1001 710 1090 755 est,
1121 712 1264 745 utrum
1285 704 1455 758 aliquid

151 762 315 801 debeat
333 761 511 813 sapiens
532 760 804 812 adprobare,
839 773 892 799 ne
911 760 1081 799 incidat
1099 762 1141 799 in
1163 772 1380 808 errorem,
1415 759 1453 797 si

147 829 230 870 pro
253 817 369 855 veris
390 815 706 868 adprobaverit
724 815 861 864 falsa,
890 829 1021 868 quum
1044 818 1211 864 omnia,
1239 816 1355 855 sicut
1381 814 1454 854 ad-

150 873 341 919 firmant,
372 872 441 910 vel
463 871 640 910 occulta
661 871 749 909 sint
767 871 839 909 vel
856 871 1043 911 incerta.
1101 871 1226 911 Unde
1245 872 1331 910 tria
1351 883 1454 910 con-

149 927 240 967 feci
259 927 487 966 volumina
504 927 549 965 in
567 926 697 965 initio
718 927 1028 966 conversionis
1055 939 1202 976 meae,
1236 938 1290 965 ne
1316 927 1454 977 impe-

152 983 349 1022 dimento
373 982 501 1021 nobis
523 982 744 1030 essent3),
770 994 883 1033 quae
904 988 1127 1035 tamquam
1145 984 1189 1022 in
1210 982 1327 1021 ostio
1350 994 1454 1020 con-

149 1039 446 1078 tradicebant.
510 1037 564 1075 Et
590 1037 742 1088 utique
768 1037 919 1076 fuerat
937 1038 1454 1077 removendainvenien-

153 1094 235 1133 dae
257 1093 512 1144 desperatio
538 1093 764 1141 veritatis,
795 1105 907 1144 quae
926 1093 1107 1132 illorum
1126 1093 1302 1132 videtur
1325 1104 1453 1145 argu-

151 1148 501 1189 mentationibus
522 1148 741 1186 roborari.
772 1149 897 1199 Apud
917 1147 1021 1187 11105
1044 1161 1152 1201 ergo
1170 1148 1453 1187 erroromnis

150 1210 330 1258 putatur
359 1216 458 1243 esse
486 1208 738 1255 peccatum,
774 1204 894 1255 quod
921 1204 1052 1243 vitari
1077 1216 1164 1243 non
1190 1215 1323 1256 posse
1350 1215 1453 1242 con-

149 1260 360 1305 tendunt,
394 1259 478 1298 nisi
509 1259 651 1297 omnis
678 1259 977 1310 suspendatur
1004 1259 1229 1299 adsensio.
1288 1259 1453 1297 Errare

152 1316 314 1368 quippe
336 1315 488 1353 dicunt
507 1327 625 1362 eum,
656 1315 856 1366 quisquis
881 1315 1131 1354 adsentitur
1153 1315 1358 1363 incertis3
1391 1313 1454 1352 ni-

151 1370 304 1423 hilque
332 1375 500 1409 eertum
530 1382 629 1408 esse
665 1370 707 1407 in
735 1367 960 1409 hominum
986 1370 1148 1420 115154)
1183 1376 1366 1423 propter
1391 1369 1455 1407 in-

154 1427 395 1466 discretam
413 1425 752 1464 similitudinem
771 1424 888 1474 falsi,
906 1427 1039 1464 etiam
1059 1427 1111 1475 si,
1128 1426 1246 1478 quod
1268 1426 1456 1472 videtur,

152 1482 273 1521 forte
295 1481 354 1520 sit
372 1493 548 1529 verum,
586 1480 858 1519 acutissimis
887 1479 1086 1533 quidem,
1123 1481 1202 1520 sed
1227 1479 1455 1533 impuden-

153 1538 342 1576 tissimis
362 1535 776 1575 conflictationibus
796 1537 1038 1588 disputant.
1065 1536 1187 1589 Apud
1208 1549 1288 1575 nos
1309 1541 1457 1574 autem

154 1592 291 1631 instas
312 1591 461 1644 exfide
482 1590 595 1629 vivit.
612 1591 651 1640 ⁵)
700 1591 754 1630 At
772 1592 810 1629 si
829 1592 1016 1631 tollatur
1035 1592 1260 1641 adsensio,
1281 1596 1325 1630 et
1346 1590 1457 1630 fides

154 1648 345 1696 tollitur,
367 1648 470 1700 quia
489 1647 584 1685 sine
604 1647 873 1686 adsensione
891 1646 1003 1686 nihil
1023 1648 1231 1686 creditur.
1284 1646 1339 1685 Et
1357 1651 1460 1685 sunt

155 1715 284 1751 vera,
321 1702 521 1755 quamvis
550 1714 636 1741 non
662 1702 920 1750 videantur,
955 1715 1067 1755 quae
1094 1704 1179 1742 nisi
1204 1703 1458 1749 credantur,

158 1758 214 1797 ad
234 1759 366 1797 vitam
386 1758 576 1804 beatam,
603 1769 715 1809 quae
735 1771 822 1796 11011
842 1759 926 1797 11151
947 1764 1130 1797 aeterna
1147 1763 1228 1806 est,
1254 1771 1342 1797 non
1360 1762 1457 1809 pot-

159 1820 228 1853 est
246 1813 484 1866 perveniri.
539 1813 646 1851 Cum
666 1812 766 1851 istis
787 1825 892 1852 vero
915 1819 1058 1853 utrum
1077 1813 1200 1866 loqui
1217 1813 1458 1853 debeamus

158 1870 343 1921 ignoro,
380 1868 452 1920 qui
474 1880 561 1906 non
580 1868 726 1907 solum
742 1868 941 1908 victuros
960 1870 1002 1907 111
1029 1874 1276 1914 aeternum,
1308 1868 1388 1908 sed
1412 1868 1460 1906 in

159 1926 418 1976 praesentia
442 1935 488 1962 se
513 1925 663 1962 vivere
692 1925 917 1974 nesciunt;
949 1926 1082 1963 immo
1116 1925 1289 1963 nescire
1321 1935 1369 1963 se
1394 1923 1458 1962 di-

159 1986 285 2027 cunt,
313 1978 432 2032 quod
458 1979 630 2018 nescire
655 1991 743 2018 non
768 1985 969 2031 possunt.
1030 1979 1185 2033 Neque
1205 1980 1322 2019 enim
1340 1979 1458 2032 quis·

209 2116 241 2156 l)
263 2115 341 2147 Act.
367 2120 419 2147 12.
440 2117 470 2146 Ἰ.
489 2129 534 2149 ss.
584 2119 620 2159 2)
641 2117 744 2158 Virg.
764 2117 853 2149 Aen.
878 2120 934 2155 10,
954 2119 1029 2149 392.
1078 2118 1115 2157 3)
1137 2116 1209 2149 Alii
1228 2118 1314 2150 Mss.
1338 2117 1458 2159 (Lips.

158 2162 237 2201 13.):
265 2167 370 2199 (ἐκεῖ,
398 2173 488 2205 quae
516 2188 524 2196 .
545 2189 551 2195 .
573 2188 579 2195 .
601 2164 902 2201 contradicebam
929 2174 976 2196 sc.
1001 2164 1176 2206 quaestio.
1226 2164 1263 2206 4)
1283 2161 1342 2196 Al.
1367 2162 1457 2196 visu.

160 2207 195 2244 5)
220 2207 276 2239 ef.
293 2208 393 2239 Rom.
418 2212 443 2247 1,
466 2211 515 2243 17.
545 2211 682 2243 Habac.
700 2213 733 2251 2,
750 2213 784 2242 4.
