1503 2465
213 120 293 160 DE
326 121 629 163 DOCTRiNA
661 125 892 167 Cfflus'l‘.
954 127 1067 168 Llss.
1101 129 1174 170 ΙΙΙ.
1300 132 1352 171 8Ί

42 206 275 260 probanda
293 213 425 260 atque
449 207 694 257 laudanda,
729 222 842 262 quae
871 213 1153 253 consuetudo
1180 226 1352 265 eorum,

43 276 141 302 cum
157 262 316 315 quibus
334 263 457 310 vivit,
477 264 691 314 admittit3
713 277 858 318 eoque
875 269 1112 322 contingit,
1129 275 1177 309 ut
1196 272 1230 310 si
1247 272 1355 324 quid

43 318 265 370 scriptura
295 318 364 357 vel
386 321 669 371 praeceperit
691 322 810 372 quod
834 321 1049 364 abhorret
1068 338 1093 364 a
1115 332 1355 367 consuetu-

46 373 147 412 dine
167 373 465 422 audientium,
500 376 574 414 vel
593 376 713 425 quod
733 390 821 416 non
847 377 1062 420 abhorret
1091 381 1357 434 culpaverit,

45 431 83 468 si
104 429 296 468 animum
317 442 471 469 eorum
490 432 578 470 iam
598 431 721 471 verbi
744 432 886 472 vinxit
909 438 1172 485 auctoritas,
1194 438 1357 491 figura—

43 490 133 524 tam
158 484 434 525 locutionem
457 492 628 538 putent.
690 487 789 527 Non
813 496 961 530 autem
993 495 1215 545 praecipit
1247 495 1356 534 scri-

43 546 174 592 ptura
194 541 278 579 nisi
298 542 549 590 caritatem,
576 555 658 582 nec
679 544 830 596 culpat
853 546 937 585 nisi
968 548 1282 599 cupiditatem,
1311 556 1357 590 et

44 607 98 634 eo
119 596 251 635 modo
270 596 486 637 informat
502 610 650 638 mores
669 597 911 641 hominum.
972 603 1084 642 Item
1103 605 1138 642 si
1160 606 1355 645 animum

41 654 394 704 praeoccupavit
412 654 603 693 alicuius
622 656 789 695 erroris
817 657 992 708 opinio,
1027 660 1243 713 quidquid
1272 663 1353 701 ali-

41 714 111 746 ter
130 706 385 748 adseruerit
403 709 638 761 scriptura,
652 711 890 763 figuratum
911 712 1114 754 homines
1135 717 1353 758 arbitran-

41 768 126 802 tur.
188 762 286 802 Non
306 770 453 803 autem
473 765 644 805 adserit
663 767 748 806 nisi
770 767 1039 810 catholicam
1057 771 1190 811 fidem
1215 773 1351 814 rebus

40 819 299 872 praeteritis
319 826 363 859 et
383 820 544 859 futuris
566 827 610 861 et
628 824 955 875 praesentibus.
994 826 1352 870 Praeteritorum

39 875 239 914 narratio
267 880 336 914 est
369 875 621 916 futurorum
653 881 1008 930 praenuntiatio,
1046 886 1351 936 praesentium

40 929 383 972 demonstratio.
444 931 531 971 Sed
558 934 708 973 onmia
735 933 845 975 haec
871 937 927 976 ad
961 939 1163 979 eamdem
1191 943 1351 981 carita-

38 991 127 1024 tem
148 987 430 1027 nutriendam
450 993 583 1040 atque
612 990 1021 1043 corroborandam,
1059 1002 1103 1034 et
1131 997 1351 1049 cupidita-

37 1048 127 1081 tem
149 1042 412 1082 vincendam
433 1050 566 1097 atque
587 1046 963 1098 exstinguendam
983 1050 1148 1091 valent.
1212 1053 1351 1092 Cari-

38 1103 153 1136 tate
170 1111 208 1136 m
229 1112 341 1137 voco
359 1106 527 1139 motum
548 1101 683 1141 animi
701 1102 754 1141 ad
784 1103 1019 1145 fruendum
1038 1106 1137 1147 Deo
1165 1115 1352 1161 propter

37 1158 198 1205 ipsum,
220 1159 264 1192 et
285 1167 332 1194 se
352 1160 484 1208 atque
504 1157 707 1209 proximo
727 1165 914 1211 propter
932 1160 1103 1213 Deum3
1138 1176 1160 1203 e
1174 1166 1257 1217 upi
1274 1166 1348 1204 di-

37 1214 201 1248 tatem
221 1216 367 1249 autem
387 1217 555 1251 motum
576 1214 708 1253 animi
730 1214 1037 1256 adfruendum
1058 1231 1105 1258 se
1133 1225 1177 1259 et
1202 1222 1351 1273 proxi-

36 1277 110 1304 mo
147 1270 191 1303 et
216 1266 420 1317 quolibet
445 1280 635 1320 corpore
666 1283 753 1308 non
784 1278 968 1324 propter
995 1273 1154 1315 Deum.
1217 1276 1351 1324 Quod

37 1325 186 1359 autem
205 1323 299 1374 agit
318 1322 536 1362 indomita
551 1325 774 1377 cupiditas
793 1327 849 1366 ad
868 1331 1239 1382 corrumpendum
1257 1333 1350 1371 ani-

33 1388 152 1415 mum
166 1383 209 1415 et
223 1390 385 1430 corpus
402 1391 530 1418 suum
544 1379 726 1433 flagiti
740 1395 816 1422 um
834 1390 1040 1436 vocatur-3
1063 1387 1182 1439 quod
1197 1393 1347 1427 autem

34 1433 143 1485 agit,
163 1438 211 1471 ut
230 1432 358 1472 alteri
382 1440 559 1483 noceat,
585 1435 803 1476 facinus
824 1438 1002 1480 dicitur.
1037 1442 1092 1481 Et
1111 1441 1222 1483 haec
1240 1449 1346 1485 sunt

35 1487 121 1526 duo
147 1500 316 1540 genera
339 1492 534 1529 omnium
559 1499 869 1544 peccatorum;
903 1496 982 1535 sed
1002 1496 1175 1550 flagitia
1192 1500 1347 1552 priora

33 1548 149 1582 sunt.
199 1544 323 1591 Quae
344 1557 476 1597 quum
497 1547 826 1589 exinaniverint
844 1551 1036 1591 animum
1059 1561 1103 1593 et
1122 1555 1177 1594 ad
1195 1568 1346 1608 quam·

32 1599 132 1638 dam
160 1605 411 1652 egestatem
439 1602 751 1654 perduxerint,
790 1605 833 1645 in
861 1605 1064 1648 facinora
1092 1612 1343 1662 prosilitur,

31 1667 120 1707 quo
146 1662 463 1695 removeantur
487 1658 809 1710 impedimenta
833 1660 1129 1715 flagitiorum,
1166 1674 1243 1707 aut
1268 1668 1343 1706 ad-

28 1710 230 1750 iumenta
247 1717 532 1764 quaerantur.
567 1714 674 1753 ltcm
694 1717 814 1768 quod
835 1721 930 1771 agit
949 1723 1128 1770 caritas,
1146 1735 1233 1775 quo
1254 1724 1342 1763 sibi

29 1767 189 1818 prosit,
209 1767 435 1807 utilitas
455 1775 542 1818 est;
576 1771 694 1822 quod
716 1778 864 1813 autem
884 1776 990 1828 agit,
1014 1782 1060 1815 ut
1080 1780 1223 1830 prosit
1242 1792 1343 1831 pro-

29 1822 173 1870 ximo,
201 1822 575 1864 beneficentia
602 1829 868 1870 nominatur.
931 1832 987 1871 Et
1015 1831 1086 1872 liic
1107 1835 1344 1887 praecedit

28 1877 223 1926 utilitas,
259 1879 362 1931 quia
387 1892 518 1918 nemo
548 1887 697 1933 potest
724 1895 778 1923 ex
813 1898 889 1934 eo,
927 1888 1045 1939 quod
1074 1903 1160 1929 non
1190 1889 1340 1939 habet,

28 1934 248 1984 prodesse
267 1935 413 1974 alteri.
473 1936 681 1983 Quanto
714 1945 884 1980 autem
916 1945 1084 1997 magis
1116 1958 1340 1998 regnum

32 1988 365 2040 cupiditatis
399 1990 731 2043 destruitur,
773 2001 922 2038 tanto
958 2001 1212 2040 caritatis
1252 2015 1339 2042 au-

32 2051 201 2096 getur.

89 2101 133 2137 (5.
156 2099 230 2137 XL
294 2100 520 2155 Quidquid
555 2116 662 2155 ergo
692 2118 898 2158 asperum
927 2115 971 2148 et
1002 2113 1125 2163 quasi
1156 2125 1337 2153 saevum

30 2153 152 2194 factu
174 2156 383 2208 dictuque
415 2159 456 2196 in
483 2161 650 2198 sanctis
671 2165 904 2214 scripturis
927 2166 1094 2214 legitur
1113 2180 1164 2207 cx
1186 2182 1336 2221 perso-

31 2222 87 2249 na
112 2210 197 2250 Dei
227 2211 295 2251 vel
319 2220 576 2254 sanctorum
608 2217 727 2267 eius,
764 2219 817 2258 ad
854 2222 1114 2272 cupiditatis
1149 2236 1334 2277 regnum
