1503 2465
205 137 286 178 DE
317 136 622 177 DOCTRiNA
654 137 884 178 CHIUST.
946 138 1062 179 LlB.
1093 139 1168 183 IV.
1264 142 1342 184 159

35 222 99 263 ad
133 223 569 276 persuasionem,
611 220 744 262 finis
773 229 974 273 autem,
1012 225 1065 265 id
1097 227 1237 279 quod
1268 229 1343 267 in-

33 279 276 319 tenderis
309 279 640 331 persuadere
662 278 913 328 dicendo,
935 281 986 320 in
1009 295 1344 336 quocumque

35 335 268 375 istorum
306 335 467 374 trium
509 346 761 386 generum
806 335 942 377 dicit
984 338 1196 390 quidem
1237 340 1346 379 elo-

36 404 203 445 quens
224 395 340 443 apte
360 391 425 430 ad
444 391 876 442 persuasionem,
895 393 989 432 sed
1007 394 1113 433 nisi
1134 407 1346 447 persua-

35 448 94 487 de
109 452 182 495 at,
203 447 264 486 ad
283 445 446 486 finem
466 460 564 485 non
586 447 832 498 pervenit
851 448 1214 502 eloquentiae.
1240 451 1344 490 l'er-

35 503 195 544 suadet
222 508 370 542 autem
396 503 440 541 in
468 502 693 542 submisso
720 515 887 556 genere
906 517 1012 544 vera
1028 518 1128 546 esse
1149 519 1262 559 quae
1283 508 1346 547 (li-

34 560 116 609 cit3
137 559 379 611 persuadet
394 558 438 596 in
458 558 631 611 grandi,
655 564 703 598 ut
719 565 1034 614 aganturquae
1049 563 1224 615 agenda
1244 575 1345 604 esse

32 615 119 655 iam
140 614 357 663 sciuntur,
379 626 459 654 nec
479 621 692 668 aguntur,
724 617 969 667 persuadet
986 619 1030 657 in
1049 629 1216 671 genere
1238 626 1345 658 tem-

32 676 213 725 perato,
229 669 430 723 pulchre
451 676 697 723 ornateque
719 684 766 711 se
787 672 961 712 dicere:
999 687 1085 727 quo
1108 674 1193 714 fine
1214 675 1345 715 nobis

34 726 141 780 quid
168 739 279 780 opus
307 726 401 766 est‘}
436 726 660 779 Adpetant
688 740 786 767 eum
807 729 1055 782 quilingua
1073 731 1345 783 gloriantur,

35 790 80 823 et
113 794 161 822 se
186 783 231 821 in
255 782 544 835 panegyricis
570 783 824 836 talibusque
853 785 1129 825 dictionibus
1164 787 1346 837 iactant,

33 838 110 879 ubi
135 851 218 878 nec
245 838 497 887 doeendus,
532 851 614 878 nec
641 839 697 878 ad
725 840 895 892 aliquid
919 841 1141 894 agendum
1168 856 1347 883 moven-

35 894 133 945 dus,
160 894 240 934 sed
260 893 570 934 tantummodo
593 900 661 934 est
681 894 975 936 delectandus
997 898 1192 939 auditor.
1252 898 1346 939 Nos

33 962 140 990 vero
161 951 296 990 istum
316 951 447 989 finem
468 949 716 990 referamus
738 951 793 991 ad
815 952 1003 992 alterum
1028 953 1174 1003 finem,
1194 960 1243 994 ut
1263 957 1346 995 sci-

33 1007 142 1047 licet
161 1006 279 1059 quod
301 1006 478 1045 efficere
500 1006 717 1055 volumus,
739 1020 872 1060 quum
891 1010 1126 1061 granditer
1141 1011 1346 1060 dicimus,

35 1061 121 1102 hoc
140 1063 272 1102 etiam
293 1062 381 1101 isto
405 1062 617 1111 velimus,
653 1062 697 1102 id
719 1069 811 1112 est,
846 1071 895 1103 ut
913 1065 1032 1104 bona
1057 1079 1229 1106 morum
1251 1068 1348 1107 dili-

34 1124 211 1172 gantur,
231 1117 571 1157 veldevitentur
588 1118 719 1168 mala,
739 1119 776 1158 si
800 1119 853 1159 ab
875 1119 955 1160 hac
976 1123 1153 1162 actione
1175 1136 1264 1164 non
1283 1124 1349 1163 sic

35 1175 171 1214 alieni
191 1180 295 1213 sunt
313 1172 539 1223 homines,
567 1181 613 1213 ut
631 1174 686 1213 ad
706 1187 801 1214 eain
826 1177 985 1229 grandi
1005 1190 1172 1230 genere
1188 1179 1349 1219 dictio-

33 1232 101 1270 nis
123 1230 314 1283 urgendi
332 1229 587 1280 videantur3
621 1236 696 1270 aut
714 1231 750 1270 si
774 1233 861 1271 iam
880 1232 924 1272 id
945 1241 1106 1286 agunt,
1138 1240 1186 1275 ut
1213 1243 1351 1288 agant

33 1285 306 1334 studiosius,
333 1290 466 1338 atque
486 1286 530 1324 in
550 1298 603 1325 eo
625 1286 813 1327 firmiter
832 1297 1138 1340 perseverent.
1199 1291 1265 1331 lta
1285 1292 1347 1340 fit,

33 1349 81 1382 ut
100 1341 233 1381 etiam
252 1342 491 1393 temperati
511 1342 692 1395 generis
713 1349 872 1383 ornatu
895 1358 982 1383 non
1004 1345 1240 1396 iactanter,
1267 1349 1347 1388 sed

33 1397 278 1450 prudenter
305 1403 501 1446 utamur,
536 1410 624 1438 non
649 1398 745 1438 eius
773 1399 858 1439 fine
887 1402 1107 1450 contenti,
1144 1415 1230 1455 quo
1253 1409 1346 1443 tan-

32 1453 265 1493 tummodo
280 1452 534 1492 delectatur
552 1453 746 1504 auditor,
766 1456 845 1495 sed
866 1453 950 1495 hoc
971 1459 1120 1508 potius
1141 1466 1349 1511 agentes,

33 1516 81 1549 ut
100 1511 234 1548 etiam
260 1509 358 1561 ipso
388 1509 443 1548 ad
471 1509 657 1559 bonum,
684 1511 804 1563 quod
829 1513 1104 1564 persuadere
1124 1515 1345 1565 volumus,

34 1565 285 1604 adiuvetur.

90 1621 135 1659 C.
158 1620 318 1660 XXVl.
364 1620 445 1659 illa
463 1622 614 1673 itaque
633 1622 735 1670 tria,
756 1635 870 1676 quae
888 1636 1023 1676 supra
1040 1627 1078 1675 ¹)
1098 1628 1345 1678 posuimus,

36 1688 150 1725 eum,
173 1677 246 1729 qui
267 1677 497 1728 sapienter
517 1678 641 1727 dicit,
669 1679 708 1718 si
727 1680 861 1718 etiain
882 1680 1151 1734 eloquenter
1170 1684 1266 1723 vult
1283 1684 1347 1724 di·

35 1745 154 1779 core,
174 1733 216 1771 id
237 1732 566 1785 ageredebere,
587 1739 635 1773 ut
652 1734 979 1788 intelligenter,
1003 1743 1049 1776 ut
1069 1738 1279 1789 libenter,
1298 1745 1347 1779 ut

33 1788 299 1827 obedienter
333 1788 562 1836 audiatur,
599 1803 684 1829 non
723 1792 788 1830 sic
811 1792 1078 1845 accipienda
1105 1801 1208 1835 sunt
1237 1802 1346 1835 tam-

33 1856 162 1896 quam
190 1844 370 1895 singula
394 1844 485 1883 illis
511 1845 653 1884 tribus
679 1846 860 1886 dicendi
890 1850 1135 1901 generibus
1171 1851 1235 1890 ita
1256 1852 1346 1891 tri-

32 1900 240 1947 buantur,
268 1907 316 1939 ut
335 1899 389 1938 ad
409 1900 677 1940 submissum
698 1902 1024 1957 intelligenter,
1050 1906 1105 1944 ad
1127 1912 1347 1959 tempera-

34 1960 125 1995 tum
145 1955 359 2004 libenter,
387 1956 442 1995 ad
463 1957 631 2009 grande
651 1958 876 2009 pertineat
894 1961 1161 2001 obedienter
1182 1963 1344 2012 audiri,

31 2010 110 2050 sed
130 2011 195 2050 sic
213 2011 379 2062 potius,
401 2019 447 2050 ut
469 2011 579 2053 haec
597 2014 685 2052 tria
702 2026 879 2068 semper
897 2018 1116 2068 intendat,
1145 2024 1189 2057 et
1208 2032 1342 2072 quan-

32 2071 123 2106 tum
143 2072 294 2119 potest
313 2072 438 2119 agat,
465 2069 598 2107 etiam
619 2082 750 2121 quum
772 2071 812 2110 in
831 2072 1010 2112 illorum
1031 2074 1210 2127 singulo
1233 2087 1341 2127 quo-

31 2133 117 2175 que
144 2129 363 2162 versatur.
425 2123 645 2165 Nolumus
673 2126 788 2166 enim
822 2126 1019 2168 fastidiri
1056 2132 1190 2170 etiam
1219 2130 1341 2184 quod

81 2243 115 2287 1)
137 2242 195 2276 Cf.
213 2254 241 2277 c.
263 2246 315 2277 15.
331 2249 367 2280 et
391 2247 437 2278 ιτ.
