1503 2465
223 134 304 174 DE
335 133 638 174 DOCTRJNA
670 133 908 175 CHRIST.
972 132 1084 174 Llss,
1117 132 1172 173 ΙΙ.
1306 131 1357 172 67

43 224 189 274 gatur.
248 218 348 259 Non
383 220 499 258 enim
533 231 639 258 vera
673 217 899 258 inferebat
934 217 1188 270 apostolus,
1223 230 1357 271 quum

44 277 290 325 diceret¹):
317 289 451 328 neque
469 274 666 314 Christus
686 273 939 324 resurrexit,
962 280 1006 314 et
1024 274 1106 314 illa
1124 273 1234 313 alia:
1264 272 1356 312 ina-

41 331 108 371 nis
127 330 471 384 estpraedz'catio
491 337 662 379 nostra,
686 329 830 369 inanis
848 337 911 370 est
935 329 1098 384 etfides
1123 335 1287 377 vestra,
1314 334 1360 368 et

46 387 259 440 deinceps
288 387 377 426 alia
402 399 515 439 quae
544 387 725 427 omnino
745 386 861 425 falsa
880 391 1005 435 sunt,
1043 387 1149 439 quia
1169 390 1213 424 ct
1233 383 1358 424 Chri-

45 448 142 482 stus
179 444 450 492 resurrexit,
490 448 534 482 et
560 455 648 482 non
676 448 773 482 erat
798 443 944 481 inanis
970 442 1255 494 praedicatio
1285 453 1360 480 eo-

43 510 155 547 rum,
175 499 249 551 qui
268 497 354 538 hoc
372 499 713 548 adnuntiabant,
745 510 827 538 nec
845 498 957 538 fides
978 510 1148 546 eorum,
1178 497 1252 549 qui
1272 495 1361 536 hoc

45 554 353 604 crediderant3
388 555 469 594 sed
501 556 591 595 ista
621 554 739 594 falsa
767 554 1004 594 verissime
1030 552 1361 593 connecteban-

44 614 117 648 tur
148 610 216 650 illi
249 611 526 659 sententiae,
560 623 648 664 qua
679 611 933 659 dicebatur,
969 622 1058 649 non
1086 620 1188 648 esse
1212 620 1361 647 resur-

44 666 294 717 rectionem
313 672 608 706 mortuorum.
650 666 755 705 lstis
775 671 925 705 autem
943 665 1072 704 falsis
1091 663 1359 717 repudiatis,

48 722 258 774 quoniam
277 734 384 761 vera
402 727 542 771 crant,
563 724 602 762 si
619 723 785 762 mortui
805 735 892 761 non
912 726 1170 774 resurgunt,
1199 732 1358 759 conse-

47 789 188 829 quens
208 779 293 817 erit
311 779 586 818 resurrectio
607 783 901 818 mortuorum.
965 777 1108 825 Quum
1131 789 1240 829 ergo
1271 776 1362 815 sint

46 846 180 872 verae
209 834 515 874 connexiones
548 846 638 874 non
669 834 816 873 solum
848 846 1078 882 verarum,
1115 832 1194 872 sed
1223 831 1361 872 etiam

43 887 259 929 falsarum
284 891 629 939 sententiarum,
666 890 800 930 facilc
823 896 912 939 est,
936 891 1174 929 veritatem
1195 900 1359 927 conne-

43 946 228 985 xionum
256 947 391 985 etiam
418 947 462 985 in
487 944 658 986 scholis
692 946 783 985 iilis
803 945 1001 995 discere,
1037 957 1151 998 quae
1177 950 1360 997 praeter

46 1001 286 1041 ecclesiam
305 1007 421 1041 sunt.
483 1001 816 1042 Sententiarum
836 1007 986 1041 autem
1006 1001 1173 1041 veritas
1195 1001 1238 1039 in
1258 1012 1357 1039 san-

45 1057 130 1097 ctis
150 1057 276 1096 libris
298 1057 623 1097 ecclesiasticis
644 1058 960 1111 investiganda
980 1063 1060 1098 est.

103 1113 149 1152 C.
171 1113 356 1153 XXXII.
420 1116 525 1167 Ipsa
550 1120 697 1153 tamen
722 1115 889 1153 veritas
918 1115 1248 1154 connexionum
1269 1126 1360 1153 non

43 1169 271 1218 instituta,
297 1169 376 1209 sed
399 1169 710 1209 animadversa
729 1177 798 1210 est
816 1171 870 1210 ab
891 1168 1148 1210 hominibus
1168 1176 1212 1210 et
1231 1175 1358 1209 nota-

44 1231 105 1274 ta,
125 1231 174 1264 ut
193 1238 290 1265 eam
310 1226 484 1278 possint
501 1226 571 1265 rel
591 1226 767 1265 discere,
788 1227 859 1265 rel
879 1226 1066 1275 docerc;
1099 1239 1200 1266 nam
1220 1231 1289 1265 est
1312 1227 1360 1266 in

47 1293 196 1320 rerum
218 1282 394 1320 ratione
420 1288 639 1334 perpetua
658 1287 702 1321 et
721 1282 934 1321 divinitus
954 1282 1176 1322 instituta.
1232 1281 1359 1322 Sicut

47 1339 164 1376 enim
192 1338 265 1390 qui
292 1343 444 1376 narrat
474 1337 677 1377 ordinem
704 1343 975 1391 temporum,
1011 1350 1101 1377 non
1133 1351 1232 1377 eum
1259 1338 1358 1391 ipse

45 1395 295 1445 componit3
329 1399 374 1433 et
400 1394 603 1433 locorum
628 1394 742 1433 situs
770 1399 846 1433 aut
880 1399 1063 1433 naturas
1097 1393 1359 1433 animalium

44 1449 115 1488 vel
135 1450 338 1501 stirpium
357 1449 427 1488 vel
446 1449 641 1502 lapidum
661 1450 732 1502 qui
756 1450 980 1497 ostendit,
1006 1462 1094 1488 non
1113 1462 1186 1489 res
1209 1454 1358 1489 osten-

45 1504 109 1544 dit
130 1505 183 1545 ab
203 1503 457 1544 hominibus
478 1507 729 1555 institutas3
753 1510 796 1544 ct
816 1505 893 1545 ille
909 1507 984 1558 qui
1000 1505 1282 1545 demonstrat
1300 1506 1357 1545 si-

44 1560 153 1599 dera
176 1572 421 1614 eorumque
446 1566 615 1609 motus,
649 1574 737 1601 non
764 1573 789 1600 a
816 1573 864 1600 se
889 1561 961 1600 vel
986 1561 1040 1600 ab
1068 1560 1248 1602 homine
1278 1561 1356 1601 ali-

45 1629 132 1669 quo
159 1629 252 1656 rem
275 1618 527 1656 institutam
554 1618 858 1657 demonstrat:
892 1618 958 1657 sic
979 1618 1113 1657 etiam
1134 1619 1209 1671 qui
1228 1618 1355 1658 dicit:

0 1685 1 1689 ¹
43 1684 215 1724 „quum
246 1672 408 1712 falsum
435 1678 505 1712 est
524 1672 644 1726 quod
664 1675 977 1726 consequitur,
1013 1685 1202 1716 necesse
1223 1679 1292 1714 est
1309 1680 1359 1713 ut

43 1727 206 1767 falsum
232 1730 292 1768 sit
317 1728 438 1782 quod
463 1728 748 1782 p1·aeccdit‚“
787 1730 1021 1769 verissime
1046 1730 1175 1778 dicit,
1210 1742 1356 1783 neque

43 1783 140 1836 ipse
161 1783 293 1832 facit,
319 1791 368 1824 ut
385 1785 448 1823 ita
465 1785 539 1834 sit,
568 1785 648 1824 sed
667 1790 836 1824 tantum
856 1786 919 1824 ita
940 1798 1040 1824 esse
1062 1786 1354 1826 demonstrat.

41 1839 110 1878 Ex
129 1838 211 1879 hac
230 1840 388 1892 regula
406 1840 517 1880 illud
537 1846 620 1889 est,
641 1839 762 1893 quod
777 1841 831 1880 de
852 1842 1062 1894 apostolo
1078 1841 1220 1881 Paulo
1238 1855 1356 1881 com-

19 1946 22 1950 ·
43 1898 403 1936 memoravimus.
449 1896 690 1936 Praecedit
709 1897 842 1946 enim,
862 1911 948 1937 non
965 1910 1051 1937 esse
1076 1896 1356 1937 resurrectio-

43 1963 137 1990 nem
155 1958 440 1999 mortuorum,
468 1953 588 2004 quod
608 1952 818 1992 dicebant
835 1953 919 2002 illi,
945 1966 1135 2006 quorum
1155 1965 1358 1993 errorem

46 2006 279 2047 destruere
312 2007 495 2047 volebat
528 2008 778 2061 apostolus.
839 2008 985 2049 Porro
1019 2009 1142 2049 illam
1177 2016 1355 2049 senten-

41 2062 150 2101 tiam
183 2064 551 2115 praecedentem,
586 2077 673 2117 qua
706 2064 917 2105 dicebant
948 2078 1037 2105 non
1074 2077 1175 2105 esse
1207 2078 1356 2105 resur-

43 2118 292 2157 rectionem
327 2124 627 2168 mortuorum,
668 2122 928 2162 necessario
963 2122 1187 2174 sequitur:
1221 2134 1356 2174 neque

90 2236 123 2274 l)
149 2239 160 2268 1
185 2235 337 2274 Cor.15,
360 2237 411 2268 13.
433 2246 478 2268 ss.

1006 2297 1040 2336 E
1060 2299 1083 2336 2
