1503 2465
271 130 351 171 DE
381 129 684 171 DOC'I'RINA
715 128 947 170 CHRIST.
1009 127 1121 168 Llss.
1155 127 1228 169 IV.
1325 129 1402 169 115

409 268 646 311 LIBER
706 269 1084 318 QUARTUS.

600 365 899 394 PROLOGUS.

154 414 283 479 Hoc
307 452 417 492 opus
443 444 664 488 nostrum,
696 437 816 491 quod
840 437 1103 477 inscribitur
1121 437 1175 477 de
1196 437 1406 477 doctrina

97 492 376 543 Christiana,
408 496 452 534 in
477 494 565 534 duo
592 495 812 546 quaedam
839 492 1012 533 fueram
1030 495 1173 545 prima
1192 493 1406 532 distribu-

96 550 219 589 tione
239 551 445 603 partitus.
507 549 618 590 Nam
639 554 741 601 post
758 549 1055 601 prooemium,
1081 562 1167 601 quo
1190 549 1406 601 respondi

98 607 179 654 eis,
210 608 284 658 qui
304 604 390 646 hoc
410 604 590 645 fuerant
610 603 947 658 reprehensuri,
972 604 1110 644 duae
1137 610 1263 644 sunt
1291 617 1402 652 res,

96 660 301 713 inquam,
337 661 523 714 quibus
548 662 742 700 nititur
777 660 941 699 omnis
976 661 1234 700 tractatio
1265 661 1403 700 scri-

97 718 397 768 pturarum:
443 717 622 756 modus
661 716 977 756 inveniendi
1017 728 1152 768 quae
1190 715 1404 755 intelli-

97 773 270 825 genda
306 777 445 820 sunt,
485 777 536 812 ct
571 772 757 811 modus
797 770 1115 824 proferendi
1155 784 1288 824 quae
1328 771 1403 810 in-

96 827 323 868 tellecta
353 834 487 868 sunt.
532 827 609 867 De
640 826 964 867 inveniendo
996 828 1164 879 prius,
1197 826 1259 866 de
1284 837 1402 879 pro-

98 881 326 923 ferendo
357 889 548 936 postea
573 883 921 923 disseremus.
981 883 1098 930 Quia
1117 895 1226 935 ergo
1247 882 1306 922 de
1330 883 1402 921 in-

98 939 367 979 veniendo
398 939 538 979 multa
568 941 656 979 iam
692 939 905 988 diximus,
940 943 985 978 et
1011 939 1099 978 tria
1127 938 1181 977 de
1208 937 1289 977 hac
1316 950 1405 977 una

96 1000 224 1048 parte
243 995 475 1034 volumina
491 994 785 1043 absolvimus,
820 994 1015 1033 Domino
1045 994 1306 1042 adiuvante,
1342 993 1403 1032 ‹le

96 1062 189 1101 pro
204 1050 353 1090 feren
367 1050 427 1089 do
448 1063 588 1102 pauca
608 1051 822 1099 dicemus,
843 1056 891 1089 ut
909 1050 947 1089 si
966 1050 1064 1089 fieri
1082 1050 1296 1102 potuerit,
1316 1062 1403 1088 uno

97 1105 213 1145 libro
232 1112 392 1145 cuncta
410 1106 688 1155 claudamus,
714 1112 948 1160 totumque
969 1104 1054 1145 hoc
1075 1118 1186 1157 opus
1211 1111 1405 1158 quatuor

96 1162 397 1201 voluminibus
415 1162 693 1202 terminetur.

154 1217 200 1256 C.
223 1217 254 1257 Ι.
299 1217 449 1256 Primo
470 1218 621 1269 itaque
641 1218 1025 1270 exspectationem
1043 1216 1308 1270 legentium,
1329 1217 1406 1269 qui

96 1271 216 1312 forte
243 1285 313 1313 me
338 1278 495 1325 putant
519 1272 748 1312 rhetorica
773 1274 978 1313 daturum
1016 1284 1116 1312 esse
1145 1279 1402 1324 praecepta,

98 1329 275 1381 quaein
294 1327 462 1368 scholis
486 1329 794 1368 saecularibus
819 1333 865 1367 et
890 1328 1028 1368 didici
1054 1334 1099 1368 et
1125 1329 1280 1377 docui,
1315 1330 1407 1367 ista.

96 1384 438 1437 praelocutione
458 1383 667 1432 cohibeo,
688 1391 821 1436 atque
842 1389 888 1423 ut
906 1396 931 1422 a
947 1396 1123 1423 menon
1140 1390 1403 1436 exspecten-

96 1445 170 1480 tur
189 1440 433 1489 admoneo;
468 1452 556 1478 non
577 1440 694 1493 quod
716 1439 825 1478 nihil
846 1438 1038 1478 habeant
1058 1440 1290 1488 utilitatis,
1322 1439 1405 1478 sed

98 1495 218 1547 quod
246 1496 283 1534 si
308 1495 413 1548 quid
437 1493 602 1534 habent
630 1508 833 1534 seorsum
859 1495 1120 1534 discendum
1149 1500 1238 1543 est,
1274 1495 1404 1534 sicui

95 1550 311 1590 fortassis
335 1551 454 1590 bono
479 1551 576 1589 viro
614 1553 746 1590 etiam
781 1550 890 1590 haec
923 1556 1054 1590 vacat
1079 1551 1278 1599 discere,
1313 1563 1402 1589 non

100 1612 246 1645 autem
266 1618 291 1645 a
307 1618 376 1646 me
399 1606 468 1646 vel
486 1606 529 1645 in
550 1604 634 1646 hoc
654 1618 805 1660 opere,
823 1606 895 1646 vel
912 1606 955 1646 in
977 1606 1129 1660 aliquo
1150 1606 1240 1645 alio
1255 1608 1403 1659 requi-

98 1663 298 1702 rendum.

155 1718 201 1756 C.
229 1717 279 1757 ll.
338 1716 449 1757 Nam
479 1729 613 1770 quum
644 1729 724 1771 per
756 1722 898 1757 artem
928 1714 1201 1757 rhetoricam
1225 1723 1270 1757 et
1295 1730 1404 1756 vera

99 1773 376 1813 suadeantur
410 1778 455 1812 et
487 1773 625 1821 falsa,
663 1774 761 1826 quis
788 1773 952 1813 audeat
977 1773 1150 1822 dicere,
1185 1773 1402 1813 adversus

97 1829 380 1869 mendacium
418 1830 463 1868 in
504 1827 821 1868 defensoribus
855 1829 947 1868 suis
980 1830 1195 1868 inermem
1235 1828 1401 1874 (Le-bere

99 1885 350 1924 consistere
370 1885 632 1933 veritatem,
658 1894 706 1924 ut
727 1884 938 1924 videlicet
958 1884 1046 1932 illi,
1075 1887 1147 1936 qui
1168 1896 1240 1923 res
1261 1883 1402 1923 falsas

97 1940 370 1991 persuadere
385 1946 618 1988 conantur,
634 1940 841 1979 noverint
860 1940 1111 1980 auditorem
1129 1939 1402 1979 velbenevo-

99 1995 291 2042 lum‚vel
308 1996 542 2043 intentum,
563 1996 632 2034 vel
652 1995 845 2035 docilem
867 1998 1099 2048 prooemio
1121 1994 1294 2043 facere,
1324 1994 1403 2034 isti

97 2056 246 2090 autem
266 2063 354 2090 non
372 2051 604 2090 noverint!
637 2051 705 2090 Illi
727 2051 842 2090 falsa
858 2052 1070 2099 breviter,
1092 2056 1261 2103 aperte,
1287 2050 1401 2089 veri-

99 2106 328 2154 similiter,
357 2111 400 2144 et
425 2106 501 2144 isti
526 2118 631 2145 vera
649 2107 714 2146 sic
736 2113 936 2155 narrent,
962 2112 1010 2146 ut
1028 2107 1183 2146 audire
1203 2106 1400 2149 taedeat,

97 2161 353 2213 intelligere
374 2175 461 2200 non
482 2168 654 2213 pateat,
681 2162 866 2201 credere
886 2169 1112 2215 postremo
1133 2174 1219 2200 non
1240 2161 1403 2201 libeat}

96 2217 164 2257 llli
186 2216 424 2258 fallacibus
453 2218 729 2271 argumentis
754 2220 988 2258 veritatem
1015 2224 1295 2269 oppugnent,
1328 2216 1400 2255 ad-
