1503 2465
303 79 696 122 ENCHuuDloN
726 81 802 121 AD
834 81 1125 122 LAURENT.
1291 82 1369 122 169

62 167 356 217 potueruutl)
388 176 488 205 esse
516 165 597 204 sub
617 165 837 205 vocabulo
860 164 1138 215 Christianm
1175 171 1219 205 et
1238 179 1370 219 quam

62 222 121 260 sit
153 218 237 259 hoc
262 232 414 259 verum
438 233 518 272 per
544 221 745 273 singulas
774 234 974 274 quasque
1013 223 1366 262 monstrandum.

64 275 189 323 Quae
219 275 464 329 disputatio
494 282 583 315 tam
607 277 850 316 multorum
885 282 955 317 est
986 277 1288 328 voluminum,
1320 282 1370 318 ut

63 331 197 372 etiam
215 331 389 370 infinita
407 331 624 372 videatur.

118 387 164 426 C.
185 386 257 427 Vl.
318 388 388 426 'l‘u
406 393 553 427 autem
575 386 917 428 enchiridion
939 401 964 428 a
992 387 1121 428 nobis
1147 389 1366 441 postulas,

60 443 105 482 id
127 448 218 491 est,
252 442 371 496 quod
390 443 592 482 manibus
610 445 756 496 possit
775 444 1018 497 adstringi,
1051 457 1140 483 non
1162 445 1280 497 quod
1301 457 1368 483 ar-

60 501 201 538 maria
225 499 369 550 possit
393 511 596 538 onerare.
656 499 714 538 Ut
732 499 873 552 igitur
896 500 951 539 ad
985 500 1065 538 illa
1094 501 1182 540 tria
1211 500 1368 539 redea-

61 568 178 603 muS‚
218 567 298 607 per
331 566 445 607 quae
483 555 675 594 diximus
724 555 960 594 colendum
1000 555 1165 605 Deum,
1218 555 1366 605 fidem,

60 623 199 663 spem,
229 610 478 658 caritatem,
511 610 646 650 facile
667 616 749 659 est,
776 616 824 650 ut
842 611 1031 661 dicatur,
1057 612 1162 664 quid
1182 611 1366 651 creden-

59 666 178 715 dum,
201 665 307 718 quid
325 666 607 718 sperandum,
627 667 734 720 quid
752 667 984 706 amandum
1004 667 1075 707 sit.
1109 667 1197 707 Sed
1217 680 1366 720 quem-

57 722 297 761 admodum
318 722 532 762 adversus
552 735 728 771 eorum,
756 723 830 775 qui
850 723 1029 762 diversa
1048 724 1265 771 sentiunt,
1295 735 1365 762 ca-

58 777 249 817 lumnias
265 776 547 826 defendatur,
568 779 846 830 operosioris
869 779 1181 830 uberiorisque
1199 779 1365 818 doctri-

58 846 140 872 nae
164 838 245 872 est.
301 832 426 880 Quae
446 838 496 872 ut
513 832 731 873 habeatur
751 846 837 873 non
859 834 983 873 brevi
1005 833 1254 874 enchiridio
1276 847 1365 874 ma-

58 902 139 928 nus
159 889 293 928 debet
311 889 508 941 impleri,
535 890 614 929 sed
634 890 793 941 grandi
812 890 962 929 studio
983 896 1138 942 pectus
1159 891 1361 930 accendi.

113 945 159 983 C.
180 944 275 984 Vll.
336 944 445 983 Nam
478 957 583 984 ecce
605 945 688 984 tibi
714 951 783 985 est
800 945 1051 998 symbolum
1072 951 1117 985 et
1136 946 1365 985 dominica

58 1000 218 1039 oratio.
282 1000 399 1048 Quid
423 1001 602 1040 brevius
631 1001 811 1040 auditur
834 1007 911 1040 aut
936 1001 1130 1055 legitur?
1162 1001 1280 1050 Quid
1297 1002 1362 1041 fa-

57 1056 187 1095 cilius
215 1056 458 1094 memoriae
484 1057 847 1096 commendatur?
883 1057 999 1105 Quia
1033 1058 1152 1097 enim
1181 1058 1234 1096 de
1260 1070 1360 1111 pec-

57 1117 158 1150 cato
189 1111 312 1165 gravi
343 1112 524 1150 miseria
552 1112 835 1164 premebatur
858 1125 999 1165 genus
1018 1111 1279 1162 humanum,
1318 1120 1364 1152 et

56 1166 206 1206 diviua
238 1166 469 1219 indigebat
499 1168 832 1217 misericordia,
867 1169 1041 1222 gratiae
1065 1168 1153 1208 Dei
1186 1175 1361 1221 tempus

54 1221 275 1275 propheta
293 1223 556 1274 praedicens
577 1225 638 1262 ait
652 1225 715 1273 2):
747 1224 811 1263 Et
827 1224 913 1263 erit
931 1224 1080 1272 omnis,
1100 1224 1173 1276 qui
1187 1224 1359 1264 invoca-

55 1278 165 1317 verit
182 1291 335 1318 nomen
353 1276 546 1327 Domini,
566 1279 703 1318 salvus
724 1279 819 1319 erit.
880 1279 1073 1331 Propter
1092 1279 1176 1319 boc
1199 1279 1362 1332 [domi-

54 1333 175 1386 nica]
199 1334 359 1373 oratio.
421 1334 508 1374 Sed
528 1334 762 1386 apostolus
782 1348 914 1388 quum
934 1336 989 1374 ad
1008 1336 1146 1388 ipsam
1169 1338 1361 1389 gratiam

55 1388 452 1429 commendandam
495 1388 579 1429 hoc
616 1389 927 1443 propheticum
963 1397 1362 1431 commemorasset

52 1446 384 1493 testimonium,
411 1446 625 1485 continuo
654 1446 918 1496 subiecit3):
956 1445 1050 1496 Quo
1071 1448 1193 1486 modo
1217 1454 1361 1487 (tutem

52 1500 333 1549 invocabant,
366 1500 409 1539 in
441 1514 562 1553 quem
598 1515 684 1540 uon
717 1502 1019 1542 crediderunt?
1056 1502 1248 1555 Propter
1272 1502 1359 1543 hoc

54 1557 321 1610 symbolum.
379 1556 425 1595 ln
454 1555 521 1596 his
548 1556 722 1596 duobus
755 1558 842 1597 tria
868 1558 949 1598 ina
971 1560 1167 1598 intuere:
1209 1558 1359 1599 fides

57 1613 254 1661 credit,
299 1624 419 1665 spes
459 1618 512 1651 et
555 1613 752 1652 caritas
788 1620 952 1653 orant.
1015 1613 1105 1655 Sed
1137 1615 1235 1654 sine
1270 1614 1358 1654 fide

56 1680 156 1709 esse
177 1683 262 1709 non
285 1674 489 1721 possunt3
509 1680 560 1707 ac
580 1680 658 1719 per
677 1667 762 1708 hoc
781 1675 825 1709 et
843 1669 951 1709 fides
968 1676 1080 1710 orat.
1110 1670 1361 1724 Propterea

55 1725 217 1777 quippe
251 1725 415 1763 dictum
450 1729 536 1763 est:
577 1722 671 1774 Quo
698 1725 822 1765 modo
848 1725 1129 1774 invocabunt,
1165 1726 1209 1765 in
1235 1739 1360 1780 quem

54 1793 140 1820 non
161 1779 457 1820 crediderunt?

110 1836 155 1874 C.
178 1835 291 1875 vlu,
341 1835 458 1883 Quid
478 1844 624 1875 autem
646 1839 815 1890 sperari
836 1842 1000 1889 potest,
1021 1838 1140 1890 quod
1160 1844 1359 1877 nouere-

54 1891 197 1930 ditur?
231 1891 372 1930 Porro
393 1891 560 1943 aliquid
581 1893 714 1931 etiam
734 1894 852 1945 quod
873 1907 958 1932 non
978 1900 1206 1945 speratur,
1234 1893 1360 1933 credi

55 1952 220 2000 potest.
267 1947 377 1994 Quis
396 1960 582 2000 namque
604 1947 801 1987 fidelium
821 1961 988 2002 poenas
1007 1962 1096 1989 uon
1116 1950 1260 1989 credit
1278 1950 1357 1989 im-

103 2085 137 2127 1)
163 2084 258 2123 „Sic
276 2085 369 2117 Dan.
389 2092 425 2118 et
449 2085 615 2128 plenique
644 2088 729 2120 uss.
781 2087 827 2118 At
849 2087 935 2125 .hn.,
965 2087 1037 2126 Er„
1064 2089 1163 2126 Loxa,
1195 2088 1279 2120 Aru.
1302 2090 1359 2130 (et

54 2132 110 2165 ed.
130 2131 484 2175 Col.):poteru11l.“
508 2133 592 2164 ΙΞι-ιι.
642 2137 678 2176 2)
698 2133 787 2166 loel.
807 2138 838 2172 2,
857 2137 911 2165 32.
931 2145 1002 2167 sec.
1023 2134 1146 2166 Lxx.
1196 2135 1233 2175 3)
1254 2135 1353 2166 Rom.

58 2182 108 2218 ιυ,
133 2183 180 2211 13.
203 2182 251 2211 Η.
