1503 2465
119 115 197 157 108
475 116 707 156 AURELll
738 117 1055 160 AUGUSTINI

119 199 243 253 quiae
260 198 541 252 salvae-fient,
571 201 872 241 verumetiam
892 210 1070 243 ceterae
1097 211 1276 257 genteS,
1301 218 1414 259 quae

115 255 366 308 promissae
385 260 487 294 sunt
505 255 704 307 patribus
721 260 976 310 eorum,qui
990 259 1121 298 etiam
1138 263 1280 300 nostri
1297 269 1416 311 sunt,

116 323 204 350 non
222 309 407 362 ambigit
428 311 628 362 quisquis
648 311 860 361 intuetur,
876 320 919 352 et
938 314 1160 353 lavacrum
1181 327 1415 368 regenera-

114 366 253 405 tionis
274 363 345 403 hie
364 377 463 405 esse
480 366 769 418 promissum,
787 368 907 420 quod
926 382 1039 408 nunc
1057 370 1256 410 ridemus
1278 374 1414 411 omni-

113 421 197 460 bus
216 421 425 473 gentibus
443 421 689 461 redditum:
711 428 755 462 et
768 423 880 463 illud
896 424 1014 476 quod
1033 426 1095 464 ait
1112 426 1344 477 apostolus
1360 430 1415 477 ¹),

117 490 251 529 quum
278 477 383 515 novi
406 478 663 516 testamenti
687 480 876 530 gratiam
902 481 1255 529 commendaret,
1292 488 1339 521 ut
1371 483 1415 521 iu

118 532 456 584 comparatione
480 533 646 572 veteris
671 534 908 573 emineret:
941 534 1143 587 Epistola
1171 544 1319 576 nostra
1344 551 1416 576 ros

117 586 230 634 estis,
255 586 418 639 scripta
438 600 523 626 ηοη
541 594 804 638 atramento,
834 590 908 629 sed
923 590 1077 642 spiritu
1094 590 1182 630 Dei
1201 591 1301 641 rici,
1331 606 1417 631 ‘non

114 642 160 682 in
179 642 333 681 tabulis
351 641 540 694 Iapiclez‘3‚
555 642 686 682 sedin
704 644 857 684 tabulis
879 646 1018 685 cordis
1037 646 1294 696 carnalibus,
1315 646 1418 687 hinc

118 710 218 737 esse
238 699 423 750 respicit
443 704 486 737 et
511 700 727 751 perspicit
751 700 948 749 (luctum,
987 702 1063 742 ubi
1087 703 1172 741 iste
1199 701 1419 755 propheta

118 753 304 798 dicit2›:
338 753 405 793 Et
435 754 543 793 dabo
577 754 693 794 vobis
729 769 803 795 cor
836 770 1008 805 novum,
1044 764 1086 797 et
1115 757 1313 810 spiristum
1345 772 1418 798 uo-

116 821 214 848 vam
243 808 351 848 dabo
373 808 418 848 in
442 822 533 858 2703,
569 817 611 849 et
635 810 834 865 anferam
867 825 943 851 cor
974 812 1185 865 lapidezmz
1209 815 1257 854 de
1290 828 1419 854 carne

117 871 281 912 vestra,
308 871 350 903 et
375 865 484 904 dabo
512 865 627 904 vohis
651 879 726 905 cor
749 880 962 906 carneum.
1025 869 1114 908 Cor
1138 870 1299 922 quippe
1325 882 1418 909 car-

117 932 262 969 neum,
286 920 402 959 unde
421 921 482 960 ait
501 922 753 973 apostolus:
782 922 935 962 tabulis
955 924 1094 963 cordis
1112 925 1367 974 carnalibus,
1393 937 1420 964 a

118 975 255 1015 eorde
275 975 454 1028 lapideo
481 977 624 1016 voluit
649 978 743 1016 vita
767 980 990 1018 sentiente
1020 980 1235 1030 discerni,
1272 988 1316 1020 et
1341 994 1419 1034 per

117 1031 253 1070 vitam
278 1032 547 1071 sentientem
571 1033 844 1085 significavit
866 1035 1208 1088 intelligentem.
1271 1037 1344 1077 Sic
1371 1037 1419 1075 fit

117 1086 259 1126 lsrael
279 1087 495 1138 spiritalis
514 1100 601 1126 non
621 1089 749 1127 unius
769 1092 915 1142 gentis
931 1121 940 1139 ,
977 1092 1056 1130 sed
1084 1093 1278 1131 omnium
1306 1104 1418 1144 quae

118 1143 368 1195 promissae
397 1149 498 1182 sunt
517 1144 718 1195 patribus
737 1145 780 1183 in
804 1157 958 1184 eorum
985 1148 1178 1196 semine,
1207 1148 1325 1200 quod
1353 1153 1422 1187 est

120 1196 339 1237 Christus.
398 1199 487 1237 Hie
522 1211 630 1251 ergo
656 1199 796 1238 lsrael
821 1201 1037 1253 spiritalis
1065 1203 1119 1242 ab
1147 1203 1227 1242 illo
1254 1203 1420 1242 lsraele

120 1254 313 1302 carnali,
351 1255 425 1306 qui
445 1259 514 1293 est
533 1255 661 1294 unius
682 1256 852 1307 gentis,
888 1259 1088 1296 novitate
1107 1259 1298 1311 gratiae,
1334 1272 1422 1297 non

119 1308 357 1348 nobilitate
377 1311 569 1361 patriae,
590 1318 634 1349 et
651 1317 798 1350 mente
812 1341 822 1361 ,
849 1324 936 1351 non
957 1319 1090 1365 geute
1111 1315 1420 1367 distinguitur:

119 1364 201 1403 sed
227 1364 418 1404 altitudo
444 1365 709 1418 prophetica
736 1367 837 1406 dum
861 1368 915 1407 de
942 1369 1021 1408 illo
1044 1369 1117 1408 vel
1141 1370 1194 1409 ad
1214 1370 1337 1408 illurn
1357 1369 1421 1408 lo-

120 1420 283 1472 quitur,
313 1420 506 1460 latenter
525 1422 688 1461 transit
706 1422 760 1461 ad
781 1421 909 1471 hunc,
938 1429 983 1462 et
1001 1436 1132 1476 quum
1152 1426 1238 1464 iam
1258 1426 1311 1464 de
1330 1426 1419 1464 isto

118 1475 191 1514 vel
210 1475 264 1514 ad
286 1476 417 1514 istum
436 1476 666 1529 loquatur,
695 1476 839 1517 adhuc
861 1479 915 1518 de
934 1479 1014 1518 illo
1034 1480 1103 1518 vel
1124 1480 1178 1519 ad
1201 1480 1327 1519 illum
1356 1480 1419 1519 lo-

120 1531 196 1582 qui
210 1530 401 1579 videtur,
416 1545 505 1570 non
519 1532 797 1572 intellectum
814 1535 1132 1586 scripturarum
1150 1535 1278 1574 nobis
1293 1536 1420 1588 quasi

119 1584 349 1626 hostiliter
372 1587 597 1637 invidens,
632 1588 710 1627 sed
737 1600 952 1629 exercens
978 1591 1308 1630 medicinaliter
1342 1602 1420 1629 cor

117 1647 334 1681 nostrum.
395 1643 521 1682 Unde
541 1649 585 1682 et
607 1643 718 1682 illud
738 1644 858 1696 quod
879 1646 943 1684 ait
955 1646 1014 1696 ³):
1039 1645 1106 1685 Et
1124 1645 1323 1686 inducam
1345 1658 1418 1684 vos

116 1696 163 1736 in
183 1704 344 1736 terram
363 1705 566 1746 vestram,
597 1704 641 1737 et
658 1700 789 1750 paulo
812 1706 933 1753 post,
960 1706 1183 1754 tamquam
1202 1702 1246 1741 id
1272 1704 1419 1754 ipsum

116 1759 349 1804 repetens:
385 1760 424 1792 et
443 1752 714 1803 habitabitis,
748 1756 914 1808 inquit,
948 1755 993 1795 in
1012 1764 1149 1805 terra,
1180 1770 1304 1809 quam
1326 1755 1421 1795 dedi

114 1807 312 1862 patribus
330 1808 494 1858 vestris,
521 1824 608 1848 non
629 1811 888 1860 carnaliter,
917 1812 1033 1851 sicut
1050 1813 1241 1851 earnalis
1267 1812 1418 1861 israel,

119 1863 199 1902 sed
228 1865 511 1916 spiritaliter,
546 1866 661 1904 sicut
684 1866 923 1917 spiritalis,
961 1867 1173 1906 debemus
1197 1868 1418 1920 accipere.

117 1919 325 1958 Ecclesia
344 1920 504 1972 quippe
524 1921 618 1960 sine
637 1921 811 1960 macula
831 1928 875 1960 et
892 1935 1003 1975 ruga
1019 1934 1074 1962 ex
1092 1923 1295 1962 omnibus
1314 1936 1419 1975 gen-

116 1975 238 2013 tibus
258 1981 554 2027 congregata,
582 1982 714 2028 atque
733 1977 775 2015 in
797 1983 1026 2017 aeternum
1049 1984 1290 2031 regnatura
1318 1990 1414 2016 eum

119 2028 316 2079 Christo,
339 2031 438 2082 ipsa
455 2037 524 2070 est
542 2037 663 2071 terra
682 2031 935 2082 beatorum,
963 2038 1083 2073 terra
1100 2034 1340 2074 viventium
1357 2032 1415 2083 4),

168 2162 238 2200 1)2
258 2161 339 2192 Cor.
361 2166 391 2197 3,
420 2166 448 2193 2.
470 2173 495 2193 s.
544 2163 580 2200 2‘)
600 2162 733 2195 Ezech.
758 2165 812 2202 36,
837 2166 889 2198 26.
914 2163 958 2198 cl.
979 2167 1030 2204 11,
1052 2167 1103 2198 19.
1153 2164 1190 2206 3)
1209 2163 1343 2197 Ezech.
1362 2166 1416 2203 36,

120 2207 172 2237 24.
192 2209 228 2238 et
247 2210 299 2240 23.
351 2209 386 2247 4)
409 2207 464 2240 Cf.
484 2208 616 2248 psam,
636 2214 684 2243 13.
