1503 2465
132 125 184 167 36
483 123 719 165 AURELH
749 122 1068 164 AUGUSTlNI

131 211 176 250 in
203 210 300 250 eius
328 220 490 261 corpus
511 208 715 249 emollita
733 208 899 247 duritia
917 208 1042 260 quasi
1066 207 1300 248 demorsos
1319 221 1438 248 man-

133 277 299 319 sosque
318 264 580 304 transferre.
610 264 728 303 Oves
748 264 881 303 etiam
900 263 1223 303 iocundissime
1239 276 1438 316 agnosco

134 322 371 369 detonsas,
393 321 606 360 oneribus
627 319 933 359 saecularibus
952 324 1178 371 tamquam
1194 319 1439 360 *velleribus

133 376 309 430 positis,
337 380 381 415 et
398 375 727 415 adscendentes
747 376 801 415 de
820 375 1018 423 lavacro,
1044 374 1090 414 id
1109 381 1198 424 est,
1222 374 1276 414 de
1294 375 1437 428 bapti-

135 437 292 480 smate,
320 443 474 471 creare
496 443 650 471 omnes
670 431 888 484 geminos,
914 430 959 469 id
979 436 1061 478 est,
1090 429 1177 470 duo
1199 435 1442 483 praecepta

135 487 414 535 dilectionis,
444 492 488 526 et
512 487 678 526 nullam
701 498 801 526 esse
826 485 880 525 ab
901 486 990 525 isto
1007 492 1164 525 sancto
1182 485 1331 525 fructu
1351 492 1438 525 ste-

132 543 263 583 rilem
297 542 446 582 video.
508 542 595 582 Sed
631 554 766 595 quare
802 542 982 581 suavius
1009 541 1202 590 videam,
1239 554 1368 594 quam
1401 542 1441 580 si

132 599 256 639 nulla
289 598 342 638 de
378 597 541 638 divinis
574 598 701 637 libris
736 597 840 637 talis
867 597 1114 637 similitudo
1141 602 1438 650 promere-tur,

135 667 267 708 quum
290 666 361 694 res
382 653 538 693 eadem
558 654 616 693 sit
635 653 881 706 eademque
902 653 1126 704 cognitio,
1160 652 1342 692 difficile
1370 658 1440 692 est

135 711 307 757 dicere,
350 715 395 749 et
437 709 526 748 alia
565 709 771 762 quaestio
812 714 894 747 est.
955 707 1081 747 Nunc
1119 714 1268 747 tamen
1307 720 1438 747 nemo

133 766 341 818 ambigit,
378 770 423 804 et
448 777 527 818 per
552 764 872 804 similitudines
898 762 1112 803 libentius
1134 775 1337 816 quaeque
1366 775 1439 802 eo-

134 821 308 874 gnosci,
329 825 374 860 et
392 833 490 860 cum
510 820 660 873 aliqua
675 819 939 860 difficultate
955 820 1161 872 quaesita
1179 819 1318 858 multo
1341 831 1439 872 gra-

131 880 222 918 tius
242 877 447 916 inveniri.
499 876 585 924 Qui
604 876 721 915 enim
740 887 924 929 prorsus
945 886 1033 914 non
1051 875 1296 922 inveniunt,
1319 874 1440 927 quod

133 938 376 987 quaerunt,
411 930 528 971 fame
553 932 781 979 laborant3
816 931 888 984 qui
918 936 1064 969 autem
1094 943 1181 969 non
1205 934 1439 982 quaerunt,

133 989 238 1043 quia
255 990 300 1027 in
318 992 526 1040 promptu
545 985 731 1035 habent,
764 985 949 1026 fastidio
981 997 1115 1038 saepe
1135 990 1438 1025 marcescunt:

129 1046 176 1085 in
195 1050 386 1095 utroque.
412 1048 559 1082 autem
586 1043 777 1096 languor
802 1041 1025 1082 cavendus
1055 1049 1137 1081 est.
1196 1041 1438 1093 Magnifice

130 1100 271 1153 igitur
305 1105 350 1138 et
386 1098 628 1137 salubriter
660 1099 844 1151 spiritus
880 1102 1061 1137 sanctus
1092 1094 1168 1136 ita'
1194 1097 1439 1149 scripturas

130 1159 309 1195 sanetas
330 1153 621 1201 modificavit,
642 1160 690 1193 ut
707 1154 821 1193 loeis
843 1153 1144 1207 apertioribus
1162 1151 1267 1191 fami
1286 1163 1438 1191 occur-

129 1216 268 1258 reret,
289 1210 629 1250 obscurioribus
649 1215 797 1249 autem
814 1207 1002 1248 fastidia
1015 1207 1289 1260 detergeret.
1315 1205 1441 1247 Nihil

133 1268 251 1306 enim
274 1264 370 1305 fere
399 1266 453 1306 de
479 1265 569 1304 illis
596 1264 947 1305 obscuritatibus
975 1264 1171 1313 eruitur,
1207 1262 1328 1316 quod
1350 1275 1439 1301 non

129 1322 392 1376 planissime
412 1320 580 1361 dictum
599 1320 708 1360 alibi
725 1320 991 1373 reperiatur.

187 1377 234 1417 C.
254 1376 349 1417 Vll.
409 1378 520 1416 Ante
551 1377 700 1416 omnia
721 1376 861 1429 igitur
889 1387 1000 1427 opus
1026 1381 1094 1415 est
1115 1374 1218 1414 Dei
1245 1374 1437 1413 timore

131 1432 774 1490 convertiadcognoseendam
785 1432 880 1471 eius
891 1429 1438 1483 voluntate1n‚quidnobis

129 1489 430 1541 adpetendum
447 1487 798 1540 fugiendumque
817 1486 1078 1539 praecipiat.
1119 1486 1276 1525 Timor
1288 1492 1438 1524 autem

129 1547 216 1584 iste
244 1544 569 1596 cogitationem
591 1543 644 1582 de
669 1548 824 1582 nostra
850 1542 1126 1581 mortalitate
1152 1546 1197 1581 et
1214 1541 1268 1580 de
1286 1539 1439 1579 futura

129 1605 274 1640 inerte
295 1611 481 1639 necesse
502 1605 570 1638 est
586 1600 789 1643 incutiat,
814 1606 857 1637 et
876 1598 1001 1650 quasi
1020 1597 1208 1636 clavatis
1229 1595 1437 1635 carnibus

131 1667 287 1695 omnes
308 1654 545 1707 superbiae
565 1660 713 1693 motus
732 1654 855 1706 ligno
877 1653 1021 1693 crucis
1040 1653 1222 1705 adfigat.
1260 1650 1436 1690 Deinde

129 1712 371 1751 mitescere
392 1723 502 1763 opus
523 1716 592 1749 est
607 1711 655 1762 pi
670 1714 816 1749 etate
834 1739 843 1757 ,
870 1720 1014 1761 neque
1042 1707 1353 1747 contradicere
1373 1705 1435 1745 di-

129 1768 259 1806 vinae
285 1768 550 1818 scripturae,
575 1767 667 1805 sive
687 1765 963 1812 intellectae,
998 1764 1037 1804 si
1064 1763 1215 1815 aliqua
1232 1762 1342 1801 vitia
1360 1773 1436 1800 no-

131 1829 225 1862 stra
241 1822 452 1874 percutit,
484 1822 577 1860 sive
596 1833 684 1860 non
703 1820 984 1861 intellectae,
1017 1819 1142 1871 quasi
1168 1830 1251 1858 nos
1274 1817 1435 1856 melius

131 1889 289 1930 sapere
308 1877 557 1929 meliusque
576 1876 836 1929 praecipere
855 1875 1101 1927 possiinus3
1131 1874 1210 1913 sed
1233 1874 1435 1925 cogitare

131 1934 283 1987 potius
311 1938 355 1973 et
377 1933 582 1979 eredere,
616 1931 661 1970 id
691 1944 790 1971 esse
815 1931 975 1970 melius
1000 1935 1045 1970 et
1068 1930 1219 1969 verius
1238 1927 1357 1981 quod
1374 1927 1436 1966 ibi

133 1991 346 2041 scriptum
372 1994 461 2033 est,
487 1991 619 2027 etiam
639 1988 678 2026 si
694 1987 856 2035 lateat,
887 1999 1016 2039 quam
1039 1985 1084 2024 id
1111 1985 1230 2038 quod
1256 1996 1337 2022 nos
1357 1994 1437 2035 per

132 2045 451 2096 nosmetipsos
471 2055 629 2095 sapere
649 2042 900 2095 possumus.
957 2041 1068 2080 Post
1083 2041 1189 2080 illos
1206 2038 1318 2078 duos
1338 2049 1435 2090 gra»

134 2101 214 2139 dus
233 2101 408 2139 timoris
428 2104 562 2152 atque
580 2098 761 2150 pietatis
782 2098 837 2137 ad
856 2098 1040 2137 tertium
1058 2098 1237 2135 venitur
1257 2108 1276 2132 s
1291 2094 1433 2133 cien-

132 2157 244 2197 tiae
271 2154 477 2209 gradum,
515 2154 568 2193 de
589 2166 675 2207 quo
702 2166 816 2193 nunc
842 2164 978 2205 agere
999 2152 1189 2191 institui.
1250 2151 1359 2190 Nam
1381 2149 1432 2186 in

134 2224 194 2251 eo
235 2224 291 2251 se
330 2216 548 2250 exercet
588 2210 751 2249 omnis
795 2209 1102 2248 divinarum
1133 2206 1432 2258 scriptura·
