1503 2465
131 102 187 144 58
494 102 730 143 AURELH
759 98 1077 142 AUGUSTINI

131 187 360 228 videntiae
378 186 480 240 lege
506 185 716 225 subiectav
735 189 817 224 est.
880 183 1052 232 Quibus
1076 179 1365 221 illusionibus
1391 184 1436 219 et

134 243 479 296 deceptionibus
499 242 662 291 evenit,
692 246 737 280 ut
754 241 855 280 istis
876 238 1207 292 superstitiosis
1228 243 1272 275 et
1289 235 1436 288 perni-

133 299 272 339 ciosis
307 298 631 337 divinationum
664 295 906 349 generibus
940 294 1081 334 multa
1112 291 1360 346 praeterita
1392 294 1437 329 et

130 353 287 395 futura
325 353 549 401 dicantur,
590 364 673 391 nec
714 352 847 391 aliter
877 350 1086 390 accidant
1119 360 1249 401 quam
1284 346 1436 385 dicun·

130 415 228 458 tur,
261 409 489 461 multaque
516 406 859 447 observantibus
883 405 1124 445 secundum
1160 400 1438 443 observatio-

130 477 213 506 nes
232 477 335 503 suas
355 466 577 512 eveniant,
607 463 765 515 quibus
783 461 999 514 implicati
1021 459 1296 499 curiosiores
1315 456 1438 505 fiant,

132 524 181 559 et
193 532 294 559 sese
309 519 452 572 magis
464 519 698 572 magisque
716 518 914 557 inserant
925 514 1248 567 multiplicibus
1262 511 1438 565 laqueis

133 575 508 627 perniciosissimi
545 575 727 613 erroris.
799 572 901 611 Hoc
940 583 1082 624 genus
1121 566 1438 609 fornicationis

131 632 309 670 animae
330 630 572 669 salubriter
591 631 812 680 scriptura
830 627 980 667 divina
996 639 1084 665 non
1109 624 1269 673 tacuit,
1292 633 1438 674 neque

132 686 189 725 ab
209 698 263 725 ea
283 686 347 725 sic
366 686 586 724 deterruit
605 686 815 732 animam,
848 688 898 722 ut
914 687 1153 735 propterea
1170 679 1281 719 talia
1304 689 1440 730 nega-

132 746 205 781 ret
223 753 322 780 esse
342 741 568 789 sectanda,
586 740 690 793 quia
704 738 820 778 falsa
833 738 1040 777 dicuntur
1057 749 1082 775 a
1100 734 1439 787 professoribus

133 809 310 845 eorum,
340 796 420 836 sed
439 795 622 836 etiamsi
639 793 829 835 dixerint
843 793 982 841 vobis,
1011 792 1174 845 inquit,
1204 796 1246 829 et
1259 788 1325 828 ita
1348 800 1438 828 eve-

132 850 267 900 merit,
303 865 354 891 ne
377 851 561 891 credatis
587 850 714 900 eiw)
773 848 874 889 Non
897 849 1033 897 enim,
1065 847 1169 900 quia
1191 846 1342 898 imago
1361 843 1441 884 Sa·

133 907 296 947 muelis
321 907 485 947 mortui
505 906 629 947 Sauli
652 905 747 958 regi
773 917 879 944 vera
900 901 1302 956 praenuntiavit2),
1337 911 1439 951 pro-

132 968 292 1016 pterea
308 963 418 1002 talia
437 962 692 1015 sacrilegia,
708 961 866 1013 quibus
884 962 1033 1012 imago
1054 958 1134 997 illa
1150 959 1441 1010 praesentata

133 1025 220 1066 est,
239 1019 385 1058 minus
405 1017 683 1058 exsecranda
700 1022 823 1065 sunt3
861 1021 937 1055 aut
958 1015 1061 1067 quia
1077 1015 1122 1053 in
1142 1012 1316 1052 actibus
1335 1022 1438 1063 apo-

133 1074 356 1113 stolorum
384 1073 720 1126 ventriloqua3)
745 1071 913 1110 femina
944 1082 1096 1109 verum
1129 1068 1440 1107 testimonium

134 1128 362 1182 perhibuit
388 1129 607 1182 apostolis
629 1127 828 1176 Domini,
859 1126 1030 1166 idcirco
1062 1124 1228 1163 Paulus
1258 1126 1439 1175 aposto·

135 1186 205 1226 lus
223 1185 427 1238 pepercit
443 1184 513 1224 illi
531 1183 723 1236 spiritui,
747 1195 798 1222 ac
813 1194 902 1221 non
920 1183 1071 1234 potius
1090 1179 1302 1219 feminam
1315 1176 1438 1216 illius

134 1240 363 1281 daemonii
387 1240 674 1291 correptione
700 1243 832 1290 atque
857 1236 1120 1277 exclusione
1136 1233 1379 1273 mundavit.
1397 1231 1437 1282 4)

138 1297 302 1336 Omnes
321 1296 461 1349 igitur
476 1300 596 1334 artes
616 1293 873 1334 huiusmodi
893 1292 963 1332 vel
983 1287 1438 1344 nugat01·iae‚velno-

133 1353 235 1392 xiae
257 1351 590 1404 superstitionis
610 1363 664 1389 ex
679 1350 867 1402 quadam
886 1346 1105 1401 pestifera
1122 1345 1342 1385 societate
1360 1341 1438 1382 ho-

131 1409 299 1448 minum
327 1412 371 1447 et
397 1407 661 1446 daemonum
689 1406 815 1458 quasi
840 1409 973 1456 pacta
999 1400 1217 1454 quaedam
1241 1398 1438 1438 infidelis

133 1469 182 1503 et
211 1463 399 1502 dolosae
431 1461 656 1500 amicitiae
692 1461 939 1499 constituta
970 1457 1148 1511 penitus
1181 1459 1284 1495 sunt
1309 1466 1439 1507 repu-

134 1518 308 1569 dianda
326 1523 370 1558 et
393 1516 609 1570 fugienda
634 1514 912 1555 Christiano:
947 1526 1035 1552 ηοη
1060 1512 1174 1565 quod
1198 1510 1358 1550 idolam
1383 1508 1442 1549 sit

132 1572 320 1626 aliquid,
349 1575 412 1613 ait
430 1572 664 1624 apostolus
680 1572 742 1620 5),
768 1571 842 1609 sed
858 1569 958 1623 qnia
978 1581 1084 1621 quae
1101 1566 1327 1606 immolant
1343 1565 1439 1604 dae-

134 1628 289 1669 moniis
316 1627 560 1676 immolam,
599 1634 642 1667 et
663 1640 748 1666 mm
769 1624 860 1666 Deo
876 1640 894 1674 ;
926 1625 1022 1664 uolo
1042 1629 1185 1662 antem
1208 1634 1280 1661 vos
1301 1619 1439 1660 socios

138 1683 587 1737 daemoniorumfieri.
651 1683 781 1730 Quod
804 1687 951 1721 autem
971 1680 1025 1719 de
1045 1678 1180 1718 idolis
1211 1682 1256 1716 et
1282 1676 1335 1715 de
1360 1677 1438 1715 im-

135 1740 477 1787 molationibus,
513 1750 625 1791 quae
646 1737 804 1778 honori
826 1750 980 1776 eorum
1004 1733 1293 1780 exhibentur,
1325 1732 1440 1772 dixit

189 1866 222 1907 l)
246 1865 304 1898 Cf.
324 1866 433 1897 Dent.
455 1869 504 1898 13.
526 1869 554 1897 ἒ.
577 1875 624 1897 ss.
675 1865 711 1906 2)
741 1868 751 1896 l
776 1861 871 1895 Sam.
889 1863 944 1899 28,
966 1863 1015 1892 16.
1035 1870 1082 1892 ss.
1109 1857 1156 1890 cf.
1176 1856 1292 1889 Sitrae.
1309 1859 1364 1895 46,
1383 1859 1439 1889 20.

136 1911 178 1953 3)
200 1913 286 1944 Mss.
304 1912 391 1944 Ben.
416 1915 435 1945 3
459 1915 496 1944 et
514 1912 620 1953 Lips.
637 1914 672 1943 2:
697 1908 924 1952 ventiloqna.
973 1904 1033 1938 Al.
1051 1902 1184 1937 melius
1204 1903 1439 1946 ventriloqua

139 1969 215 1990 sec.
229 1957 360 1990 Graec.
371 1956 652 1995 ε’γγιισιρίμυθοε,
670 1956 721 1988 uti
733 1953 957 1995 Pythonissa
975 1950 1105 1984 mulier
1123 1949 1218 1991 apud
1232 1950 1438 1990 winierpr.

142 2008 158 2036 1
181 2003 277 2036 Sam.
295 2006 349 2041 28,
369 2005 398 2036 7.
415 2008 573 2036 vocatur.
625 2002 682 2035 Cf.
701 1999 817 2034 Basil.
841 2000 890 2031 M.
917 1999 960 2031 ad
980 1997 1051 2029 les.
1070 1999 1102 2034 8,
1123 1998 1173 2028 19.
1198 1998 1234 2027 et
1253 1995 1439 2031 Erasmus,

139 2050 200 2091 qui
221 2050 263 2082 ad
284 2048 318 2081 h.
334 2048 358 2081 l.
377 2050 582 2085 adnotavit,
607 2048 721 2080 fuisse
740 2058 803 2079 suo
822 2046 929 2078 etiam
951 2047 1116 2085 tempore
1135 2041 1231 2083 apud
1249 2039 1363 2072 Italos
1384 2040 1438 2071 (li-

137 2097 343 2128 vinatorum
362 2106 491 2136 genus,
528 2096 584 2136 qui
605 2095 657 2127 sic
675 2094 762 2125 dicti
782 2095 884 2130 sunt,
917 2089 1012 2132 quod
1032 2099 1093 2121 ore
1112 2099 1180 2119 nun
1207 2087 1358 2119 edentes
1383 2097 1440 2118 so-

139 2153 226 2174 num
257 2153 326 2183 per
348 2145 510 2173 ventrem
537 2140 636 2183 loqui
660 2139 729 2172 visi
755 2141 851 2171 sunt.
899 2138 937 2180 4)
966 2135 1052 2169 vid.
1077 2133 1158 2167 Act.
1185 2135 1241 2171 16,
1275 2135 1368 2166 16-
1388 2136 1439 2165 13,

139 2189 178 2231 5)
200 2191 214 2220 1
237 2188 319 2221 Cor.
339 2190 391 2228 10,
416 2190 466 2221 19.
483 2198 512 2219 s.
