1503 2465
268 106 349 147 DE
380 105 685 147 DOC'I'RINA
716 103 948 145 CHRIST.
1008 103 1123 144 mss.
1156 103 1231 144 lv.
1330 106 1405 143 121

98 191 298 245 quidem,
339 191 378 231 si
414 196 616 237 vacaret,
657 201 811 229 omnes
844 189 1036 228 virtutes
1069 193 1115 228 et
1143 196 1409 228 ornamenta

99 248 409 300 eloquentiae,
445 246 499 286 de
528 246 689 299 quibus
720 244 933 284 inflantur
965 243 1064 293 isti,
1100 245 1176 296 qui
1207 243 1417 296 linguani

100 316 224 344 suain
245 308 501 342 nostrorum
521 307 756 342 auctorum
774 301 955 353 linguae
974 312 1062 339 non
1080 299 1409 352 magnitudine,

100 359 181 399 sed
199 365 374 398 tumore
394 362 700 411 praeponunt,
728 356 970 396 ostendere
988 357 1033 395 in
1051 357 1243 395 istorum
1262 354 1407 395 literis

101 415 263 463 sacris,
299 426 411 467 quos
445 414 575 453 nobis
610 412 890 461 erudiendis,
935 416 979 451 et
1015 411 1069 451 ab
1102 409 1190 450 hoc
1223 411 1407 451 saeculo

99 482 236 523 pravo
262 471 307 509 in
334 470 512 509 beatum
541 468 771 509 saeculum
796 466 1145 516 transferendis,
1171 466 1410 519 providen-

100 526 165 566 tia
182 525 332 565 divina
348 525 560 578 providit.
622 523 712 565 Sed
732 536 821 563 non
839 523 938 576 ipsa
955 535 1023 562 me
1042 522 1141 574 plus
1163 535 1293 576 quam
1322 522 1413 563 dici

101 587 252 635 potest
271 582 315 620 in
334 581 415 621 illa
434 581 696 634 eloquentia
710 580 951 627 delectant,
969 590 1081 631 quae
1098 585 1200 618 sunt
1215 577 1283 618 his
1303 579 1410 618 viris

103 650 202 677 cum
227 637 483 677 oratoribus
511 636 748 690 gentilium
767 636 972 688 poetisve
993 634 1264 674 communia:
1298 634 1413 675 illud

100 693 244 746 magis
263 692 463 732 admiror
483 699 528 732 et
547 690 855 745 stupeo‚quod
872 693 962 730 ista
984 696 1139 730 nostra
1151 691 1413 743 eloquentia

100 750 165 789 ita
185 749 251 788 usi
271 755 374 788 sunt
392 761 470 802 per
489 749 675 788 alteram
690 747 925 800 quamdam
946 746 1250 799 eloquentiam
1271 758 1412 795 suani,

100 810 149 844 ut
169 817 251 844 nee
270 805 453 844 deesset
473 805 554 854 eis,
579 816 662 843 nec
681 804 900 843 emineret
918 803 961 841 in
980 802 1060 850 eis,
1090 802 1194 854 qsia
1213 814 1309 841 eam
1330 814 1412 841 nec

101 861 347 912 improbari
367 862 420 900 ab
441 861 554 909 illis,
581 872 664 899 nec
684 859 903 899 ostentari
928 858 1190 912 oportebat3
1224 871 1413 910 quorum

103 916 294 956 alterum
314 917 456 966 fieret,
483 917 519 955 si
540 916 775 964 vitaretur,
795 915 984 955 alterum
1004 914 1149 966 putari
1170 920 1346 966 posset,
1374 914 1413 953 si

101 972 237 1013 facile
257 978 596 1025 agnosceretur.
622 971 679 1011 Et
697 973 738 1010 in
757 971 917 1024 quibus
933 969 1053 1010 forte
1072 970 1186 1009 locis
1205 970 1412 1022 agnosci-

102 1035 175 1068 tur
194 1041 219 1067 a
240 1028 411 1077 doctis,
437 1029 552 1067 tales
571 1040 643 1067 res
665 1027 890 1077 dicuntur,
914 1033 963 1066 ut
983 1025 1142 1074 verba,
1170 1027 1331 1079 quibus
1351 1025 1413 1064 di-

104 1090 280 1133 cuntur,
305 1098 390 1123 non
412 1097 437 1123 a
456 1085 634 1124 (licente
657 1082 881 1131 adhibita,
911 1082 990 1122 sed
1009 1082 1119 1135 ipsis
1139 1082 1272 1121 rebus
1292 1081 1416 1121 velut

107 1146 265 1195 zponte
285 1140 523 1179 subiuncta
541 1140 799 1188 rideantur,
831 1140 957 1192 quasi
977 1138 1244 1190 sapientiam
1263 1137 1316 1176 de
1337 1138 1413 1177 do-

105 1208 175 1236 mo
195 1208 289 1244 sua,
308 1197 351 1235 id
370 1204 451 1244 est,
472 1202 654 1248 pectore
669 1196 885 1248 sapientis
903 1195 1150 1247 procedere
1166 1194 1413 1246 intelligas,

106 1258 151 1291 et
169 1256 391 1303 tamquam
415 1251 760 1304 inseparabilem
778 1251 993 1291 famulam
1010 1251 1146 1290 etiam
1170 1262 1259 1289 non
1283 1262 1414 1289 voea-

107 1314 193 1347 tam
215 1310 340 1359 sequi
363 1308 683 1360 eloquentiam.
703 1311 740 1357 ¹)

161 1363 207 1402 C.
232 1363 323 1404 Vll.
358 1365 467 1411 Quis
489 1365 604 1403 enim
625 1376 712 1402 non
734 1362 897 1411 videat,
912 1362 1015 1415 quid
1036 1361 1231 1401 voluerit
1247 1362 1414 1410 dicere,

106 1425 151 1459 et
169 1432 296 1472 quam
319 1420 547 1470 sapienter
564 1419 729 1459 dixerit
748 1419 982 1472 apostolus
996 1420 1057 1467 2J:
1096 1416 1348 1456 Gloriamur
1370 1417 1415 1457 in

105 1474 472 1522 tribulationibus,
492 1474 668 1514 sciemes
686 1475 786 1527 quia
807 1473 1300 1526 tribalaliopatiem'iam
1319 1486 1414 1525 ope-

106 1538 251 1580 ratur,
283 1530 504 1584 patientia
537 1538 679 1570 aulem
709 1529 1031 1583 probationem,
1072 1528 1278 1582 probatio
1317 1542 1414 1568 cero

105 1599 239 1638 spem,
263 1600 354 1640 spes
373 1594 516 1626 (talem
537 1600 620 1626 non
641 1586 898 1642 causandi&
925 1585 1026 1637 qnia
1044 1584 1206 1624 caritas
1224 1583 1312 1624 Dei
1328 1584 1412 1639 (ἰξί-

96 1642 207 1697 fusa
230 1650 292 1682 est
317 1642 361 1682 in
385 1642 584 1681 cordibus
610 1642 766 1681 uostris»-
786 1656 866 1695 per
882 1641 1081 1694 spiritam
1098 1648 1317 1689 sanctum,
1345 1640 1420 1693 (μα’

107 1697 231 1737 datus
251 1705 311 1738 est
331 1697 477 1737 nobis?
513 1699 598 1737 llic
620 1699 654 1736 si
677 1699 795 1750 quis,
822 1705 869 1737 ut
886 1699 948 1737 ita
967 1697 1176 1745 dixerim,
1206 1697 1415 1749 imperite

107 1755 278 1807 peritus
298 1754 407 1793 artis
427 1754 715 1807 eloquentiae
744 1760 983 1807 praecepta
1007 1754 1262 1805 apostolum
1288 1765 1414 1792 seeu-

108 1817 197 1849 tuni
217 1809 357 1849 fuisse
379 1809 642 1857 contendat,
669 1822 814 1848 nonne
839 1822 864 1848 a
882 1808 1151 1848 Christianis
1180 1810 1327 1848 doctis
1354 1810 1415 1848 in-

107 1864 343 1917 doctisque
364 1865 608 1904 ridebitur‘!
643 1866 696 1904 Et
715 1872 863 1905 tamen
885 1867 1147 1917 agnoscitur
1167 1863 1416 1917 hic“f1gura,

108 1933 220 1973 quae
241 1921 387 1968 κλίμαξ
407 1920 596 1970 Graece,
617 1920 777 1960 Latine
800 1934 903 1960 vero
925 1934 950 1959 a
969 1920 1231 1973 quibusdam
1255 1928 1323 1959 est
1341 1921 1416 1960 ad-

110 1976 276 2028 pellata
296 1976 568 2028 gradatio,
585 1977 793 2029 quoniam
810 1978 975 2016 scalam
991 1977 1141 2016 dicere
1159 1976 1414 2025 noluerunt,

160 2112 192 2153 1)
220 2111 355 2143 Eadem
384 2114 567 2145 sententia
594 2113 689 2154 apud
711 2112 784 2144 cic.
810 2121 901 2145 orat.
922 2124 950 2145 c.
972 2117 1024 2145 21.
1049 2138 1069 2151 „
1086 2113 1153 2145 Est
1170 2112 1416 2155 eloquentiae,

110 2157 203 2189 sient
223 2156 442 2199 reliquarum
461 2170 596 2196 rerum,
626 2159 897 2191 fundamentum
924 2158 1151 2203 .wpz‘entia.“
1195 2160 1252 2192 t'f.
1272 2161 1405 2197 Qninct

110 2203 196 2235 inst.
215 2210 303 2236 orat.
323 2214 483 2246 prooem.
503 2207 532 2249 ς’.
553 2209 604 2238 13.
658 2211 692 2249 2)
715 2205 814 2237 Rom.
835 2208 865 2244 5,
885 2208 916 2238 3.
938 2216 985 2238 ss.
