1503 2465
136 108 189 150 94
493 100 732 144 AURELII
762 95 1079 140 AUGUSTJ-Nl

138 193 292 232 cubitu
318 201 407 229 nou
435 188 519 227 nisi
547 183 907 239 procreationem
927 181 1121 220 filiorum
1141 178 1439 219 intuebantur.

137 249 292 299 Itaque
312 247 350 285 si
370 257 449 284 eos
468 245 512 283 in
530 241 613 281 hac
630 242 722 280 vita
738 238 986 277 invenisset
1004 236 1184 276 Domini
1208 235 1440 283 adventus,

140 315 273 356 quum
292 301 379 339 iam
398 312 489 339 non
506 296 736 341 mittendi,
764 293 844 332 sed
865 292 1111 345 colligendi
1135 290 1308 342 lapides
1334 296 1441 329 tem-

138 371 220 411 pus
265 361 387 395 esset
403 358 461 405 ¹),
513 353 664 393 statim
705 362 753 389 se
793 351 917 401 ipsos
962 351 1212 387 castrarent
1258 351 1443 397 propter

138 424 326 466 regnum
361 411 606 450 coelorum.
673 404 786 446 Non
826 404 962 443 enim
1006 407 1087 442 est
1124 402 1175 440 in
1209 400 1439 440 carendo

141 466 485 513 difficultas,
517 463 623 503 nisi
649 473 798 514 quum
832 459 992 498 estin
1023 456 1265 497 habendo
1299 457 1442 508 cupi-

142 525 220 564 dit
234 535 304 562 as.
362 520 593 562 Noverant
611 518 773 570 quippe
791 515 860 554 illi
880 513 1097 561 homines,
1117 513 1250 551 etiam
1271 512 1314 550 in
1332 511 1442 564 ipsis

142 577 413 630 coniugibus
437 575 659 615 luxuriam
682 583 781 612 esse
807 570 1022 610 abutendi
1038 567 1442 620 intemperantiam,

143 633 262 688 quod
283 632 457 672 Tobiae
484 634 675 670 testatur
706 627 873 674 oratio,
908 624 1084 678 quando
1116 629 1184 662 est
1209 622 1444 675 copulatus

143 691 289 730 uxori.
349 689 422 728 Ait
440 687 628 736 enim2):
660 681 919 722 Benedictus
938 693 1000 729 es,
1024 678 1211 719 Domine
1228 677 1346 718 Deus
1364 690 1444 731 pa-

145 753 259 786 trum
283 750 551 789 nostrorum,
578 747 617 779 et
645 737 909 779 benedictum
932 749 1085 776 nomen
1104 742 1222 774 tuum
1239 733 1283 773 in
1303 732 1447 773 omnia
1502 729 1503 739 ¹

144 800 316 842 saecula
333 797 615 838 saeculorum.
649 792 919 834 Benedicanl·
935 799 974 831 te
992 789 1099 831 coeli
1114 797 1156 829 et
1174 789 1308 828 omnis
1329 801 1446 829 erea-
1500 822 1503 832 ,

147 865 248 897 tara
276 862 364 894 tna.
429 851 496 892 Τιι
510 850 666 908 fecisti
684 849 841 896 Mam,
869 854 909 887 et
935 845 1087 886 dedisti
1106 844 1169 885 illi
1185 843 1449 884 adiutorium

147 912 303 953 Evam.
364 908 427 949 Et
445 921 569 955 nunc,
590 904 792 953 Domine,
819 910 864 943 tec
881 902 975 951 scis,
1003 900 1205 955 quoniam
1224 914 1309 940 uon
1327 901 1448 939 [ιω-η-

148 968 242 1008 riae
262 977 414 1006 emissa
431 962 595 1015 accipio
614 974 807 1001 sororem
824 971 976 1007 meam,
994 958 1068 997 sed
1081 956 1174 1010 ipsa
1192 955 1386 1004 veritate,
1405 961 1451 994 nt

149 1020 392 1064 miserearis
411 1018 567 1067 nostri,
592 1015 793 1056 Domine.

207 1079 254 1117 C.
274 1076 396 1117 XIX.
456 1073 546 1115 Sed
565 1073 637 1126 qui
659 1071 878 1112 effrenata
900 1068 1104 1118 libidine,
1129 1067 1201 1108 vel
1219 1079 1299 1121 per
1315 1067 1455 1105 multa

151 1139 306 1187 stupra
325 1131 576 1172 diffluentes
596 1132 854 1182 evagantur,
879 1125 951 1165 vel
964 1125 1009 1164 in
1026 1126 1124 1177 ipsa
1141 1136 1229 1163 una
1246 1122 1453 1174 coniuge,

151 1203 241 1229 non
276 1189 420 1228 solum
453 1185 677 1226 excedunt
715 1183 771 1222 ad
810 1182 1056 1221 liberorum
1092 1178 1452 1233 procreationem

152 1245 452 1300 pertinentem
478 1241 681 1288 modum,
717 1238 796 1278 sed
822 1237 959 1277 etiam
990 1234 1314 1275 inhumanioris
1329 1235 1367 1283 ³³)
1392 1234 1454 1272 in-

151 1299 479 1353 temperantiae
518 1295 676 1336 sordes
718 1292 1022 1333 inverecunda
1058 1291 1236 1330 omnino
1272 1289 1458 1328 licentia

154 1357 332 1397 servilis
349 1353 580 1393 cuiusdam
597 1350 820 1390 libertatis
841 1348 1141 1396 adcumulant,
1160 1359 1249 1385 non
1269 1345 1457 1384 credunt

154 1414 253 1452 fieri
278 1411 501 1464 potuisse,
530 1413 575 1447 ut
599 1410 901 1458 temperanter
918 1403 1070 1443 multis
1088 1401 1266 1442 feminis
1285 1401 1456 1453 antiqui

153 1472 389 1509 uterentur
416 1465 516 1512 viri,
554 1461 668 1502 nihil
691 1466 923 1501 servantes
956 1460 1002 1498 in
1024 1471 1107 1498 usu
1133 1458 1214 1496 illo
1240 1456 1328 1495 nisi
1352 1468 1454 1494 con-

154 1536 313 1577 gruum
332 1520 524 1573 tempori
540 1516 858 1570 propagandae
876 1515 1018 1568 prolis
1038 1514 1251 1562 officium3
1273 1516 1319 1551 et
1336 1510 1456 1564 quod

152 1580 238 1632 ipsi
260 1577 433 1630 laqueis
452 1574 652 1615 libidinis
673 1572 881 1612 obstricti
902 1571 971 1610 vel
987 1571 1031 1608 in
1049 1582 1137 1608 una
1154 1580 1242 1607 non
1267 1566 1451 1613 faciunt,

151 1635 276 1675 nullo
296 1633 428 1673 modo
447 1632 491 1670 in
510 1629 661 1669 multis
682 1628 780 1667 fieri
797 1639 931 1680 posse
952 1625 1237 1665 arbitrantur.
1272 1622 1361 1663 Sed
1379 1622 1455 1660 isti

150 1694 341 1743 possunt
364 1689 534 1736 dicere,
569 1697 653 1724 nec
682 1683 895 1723 honorari
923 1681 1099 1734 quidem
1128 1686 1262 1732 atque
1281 1677 1453 1717 laudari

155 1751 365 1798 oportere
400 1744 520 1781 viros
552 1741 699 1780 bonos
734 1746 780 1778 et
811 1744 1015 1785 sanctos,
1051 1736 1156 1788 quia
1181 1736 1287 1786 ipsi,
1323 1746 1454 1786 quum

152 1800 432 1840 honorantur
458 1803 589 1849 atque
614 1795 873 1842 laudantur,
905 1795 1208 1833 intumescunt
1229 1789 1453 1841 superbia,

150 1861 278 1896 tanto
298 1855 522 1894 avidiores
540 1851 830 1891 inanissimae
851 1848 1045 1902 gloriae,
1081 1850 1246 1900 quanto
1266 1858 1344 1884 eos
1368 1843 1455 1883 fre-

154 1912 362 1965 quentius
378 1915 510 1961 atque
525 1908 660 1947 latius
676 1903 1047 1958 linguablandior
1059 1900 1356 1947 ventilaverit,
1371 1911 1456 1952 qua

153 1969 219 2007 ita
235 1967 357 2006 leves
376 1966 500 2013 fiunt,
518 1968 566 2002 ut
585 1975 663 2002 eos
682 1961 874 2001 rumoris
895 1971 1017 2007 aura,
1035 1959 1128 1998 sive
1141 1969 1251 2009 quae
1273 1967 1454 2008 prospe-

154 2035 218 2072 ra,
246 2023 340 2062 sive
363 2032 475 2074 quae
496 2018 686 2058 adversa
704 2017 1005 2064 existimatur,
1032 2015 1075 2053 in
1096 2012 1319 2065 quaslibet
1336 2013 1455 2049 inve-

205 2152 239 2195 l)
269 2151 326 2185 Cf.
345 2149 444 2183 Eccl.
461 2153 493 2188 3,
516 2153 548 2183 5.
599 2151 635 2193 2)
659 2147 753 2180 Tm..
773 2151 804 2185 Β,
830 2150 861 2180 5.
888 2157 936 2180 ss.
987 2146 1024 2189 3)
1052 2145 1137 2178 Mss.
1156 2147 1176 2178 8
1193 2143 1299 2176 Ben.:
1327 2141 1456 2174 imma-

155 2198 294 2233 nioris‚·
322 2200 341 2230 3
362 2197 487 2240 Lips:
514 2195 788 2231 inhumaniores
